2887 4992
1151 740 1533 807 ...111-

457 962 548 1031 3⁰.
602 961 732 1033 Dat
783 984 934 1035 men
982 957 1340 1058 gewapend
1392 984 1583 1031 ware.

461 1108 549 1181 4⁰.
603 1110 732 1181 Dat
773 1133 920 1182 men
969 1108 1036 1181 in
1085 1106 1358 1181 zekeren
1409 1106 1619 1205 getale
1660 1105 1745 1205 bij
1783 1092 2091 1181 elkander
2115 1134 2307 1183 ware.

454 1256 607 1327 Men
659 1252 844 1326 vindt
889 1254 952 1325 in
995 1253 1078 1326 de
1124 1254 1260 1327 Lex
1295 1254 1420 1327 Sal.
1474 1256 1663 1343 XIV,
1718 1256 1757 1351 ἓ
1804 1258 1833 1325 1
1891 1256 1949 1353 1)
2002 1282 2159 1329 eene
2202 1257 2314 1330 be-

360 1398 611 1499 paling‚
633 1401 903 1500 volgens
925 1400 1136 1475 welke
1160 1399 1242 1473 de
1268 1400 1671 1475 hoofddader
1700 1400 1972 1501 (raptor)
2006 1402 2311 1490 623201„

359 1547 525 1646 zijne
579 1552 624 1621 3
679 1546 1420 1647 hoofd-medepligtigen
1489 1547 1666 1621 ied-er
1716 1551 1811 1621 30
1834 1602 1855 1641 ‚
1908 1548 1993 1621 de
2052 1548 2313 1648 overige
2424 1566 2433 1575 '

357 1695 536 1768 ieder
587 1700 630 1768 5
687 1696 1046 1770 hetaalden.
1153 1697 1274 1771 Die
1336 1697 1403 1769 in
1450 1698 1493 1795 g
1539 1700 1581 1767 3
1632 1696 1949 1795 genoemd
2007 1696 2311 1790 worden,

353 1846 467 1942 qui
509 1870 649 1917 cum
696 1847 943 1943 saqittis
978 1844 1246 1943 suerint,
1290 1842 1416 1941 >zijn
1460 1843 1540 1941 zij
1562 1903 1577 1932 ,
1624 1842 1729 1917 die
1765 1842 1883 1917 des
1916 1844 2172 1917 bewust
2208 1870 2320 1943 ge·

354 1993 630 2092 wapend
670 1993 796 2092 zijn
842 1993 1275 2091 medegegaan
1325 1992 1567 2065 zonder
1603 1991 1837 2065 verder
1880 1993 2024 2067 deel
2068 2019 2191 2066 aan
2234 1992 2319 2065 de

357 2141 524 2215 daad
572 2156 636 2214 te
679 2167 928 2215 nemen.
1009 2144 1184 2215 Naar
1239 2139 1376 2213 luid
1422 2166 1619 2214 eener
1668 2141 1869 2214 latere
1921 2139 2318 2239 uitbreiding

357 2286 682 2360 derzelfde
713 2300 844 2360 wet
868 2312 1089 2359 waren
1126 2285 1294 2358 allen
1313 2342 1332 2373 ,
1359 2285 1465 2357 die
1490 2310 1611 2357 aan
1640 2285 1743 2357 de·
1760 2276 2125 2383 uitvoering
2157 2285 2321 2357 door

360 2434 586 2507 hunno,
634 2386 1269 2531 tegenwoordigheid
1325 2430 1386 2504 al
1448 2431 1518 2503 of
1553 2429 1691 2504 niet
1732 2430 2103 2531 hamdadig
2148 2431 2318 2506 had-

361 2578 493 2653 den
543 2579 1004 2678 deelgenomen
1025 2637 1043 2666 ,
1062 2593 1074 2608 ‘
1093 2596 1224 2654 met
1257 2578 1565 2653 elkander
1598 2605 1681 2654 en
1708 2594 1841 2655 met
1874 2581 1999 2655 den
2037 2581 2323 2681 eigenlij-

443 2947 491 3028 ¹)
532 2949 591 3007 Si
628 2958 734 3007 tres
761 2948 1010 3010 homines
1041 2950 1341 3029 ingenuam
1369 2950 1611 3030 pueliam
1646 2950 1713 3008 de
1742 2972 1869 3009 casu
1891 2949 1984 3010 aut
2004 2952 2070 3010 de
2096 2971 2321 3010 sei-euna

358 3057 660 3136 rapuerint,
705 3077 846 3114 unus
882 3057 1340 3142 quisqueoeorum
1349 3099 1503 3115 ......
1546 3056 1745 3118 solidos
1770 3057 1951 3132 XXX,
1998 3057 2152 3138 euip.
2192 3057 2312 3140 jud.

357 3165 392 3242 S
421 3163 486 3224 2.
533 3164 621 3224 mi
662 3185 785 3224 vero
828 3167 924 3245 qui
959 3187 1123 3245 super
1162 3175 1270 3224 tres
1293 3166 1502 3224 suerint
1530 3187 1671 3226 unus
1711 3167 1941 3247 quisque
1965 3187 2153 3226 eorum
2160 3207 2315 3225 ......

358 3269 458 3330 sol.
501 3271 576 3344 V,
623 3271 776 3352 culp.
803 3272 926 3352 jud.
967 3271 999 3349 ὃ
1042 3269 1099 3329 3.
1141 3272 1245 3351 Qui
1279 3293 1407 3330 eum
1434 3274 1643 3352 sagittis
1681 3272 1885 3330 fuerint
1916 3293 2057 3332 unns
2090 3249 2319 3353 quisqae

357 3398 621 3437 eorum...
663 3420 708 3434 ..
728 3376 828 3436 sol.
855 3377 935 3451 V,
961 3377 1111 3457 culp.
1135 3377 1258 3459 jud.
1288 3380 1320 3456 §
1355 3379 1416 3435 4.
1464 3379 1671 3458 Raptor
1700 3399 1825 3438 vero
1837 3420 1996 3437 ......
2026 3379 2103 3437 sol
2144 3377 2310 3437 an.

355 3481 414 3542 S.
439 3481 591 3562 culp.
621 3483 744 3564 jud.
784 3515 860 3528 --
889 3482 970 3560 De
995 3483 1080 3541 lex
1100 3483 1210 3543 Sal.
1242 3483 1460 3543 Herold.
1488 3494 1651 3563 voegt
1668 3505 1729 3543 er
1764 3505 1875 3564 nog
1908 3483 2024 3566 bij:
2072 3485 2168 3543 »Si
2199 3486 2321 3566 quis

357 3587 653 3668 ingenuam
699 3589 941 3669 pueliam
995 3601 1088 3648 aut
1140 3589 1404 3649 feminam
1425 3636 1440 3659 ‚
1486 3591 1843 3652 contubernio
1883 3591 2059 3668 facto,
2112 3613 2204 3651 eeu
2256 3592 2317 3650 in

273 3737 278 3742 -
357 3696 550 3755 itinere
591 3707 683 3754 aut
728 3697 787 3755 in
824 3696 1068 3776 quolibet
1095 3696 1212 3756 loco
1261 3697 1571 3769 adsalierit,
1616 3707 1727 3757 tam
1765 3720 1938 3764 unus.
1985 3720 2149 3779 quam
2190 3698 2318 3778 plu-

356 3803 517 3876 rimi,
553 3804 612 3862 in
660 3803 776 3882 ipsa
811 3802 1062 3862 violentia
1096 3802 1297 3862 fuerint
1338 3804 1589 3876 admixti,
1614 3805 1703 3864 CC
1720 3805 1918 3865 solidos
1947 3805 2319 3885 unusquisque

357 3927 545 3966 eorum
581 3908 728 3988 culp.
754 3909 876 3989 jud.
915 3909 991 3967 ‘Et
1015 3911 1062 3967 si
1093 3909 1271 3968 adhue
1309 3911 1376 3969 de
1415 3911 1509 3970 illo
1546 3910 1908 3971 contubernio
1939 3912 2314 3983 remanserint,

353 4015 453 4094 qui
487 4013 658 4072 scelus
692 4013 828 4074 illud
869 4035 980 4075 non
1019 4016 1294 4074 admisisse
1330 4027 1625 4076 noscuntur
1662 4030 1715 4076 et
1750 4027 1929 4076 tamen
1964 4016 2169 4076 ibidem
2200 4017 2317 4077 fue·

354 4119 491 4189 rim,
533 4119 579 4176 si
618 4119 800 4199 plures
842 4133 934 4178 aut
981 4121 1180 4178 minori
1225 4142 1453 4179 numero
1502 4143 1668 4201 quam
1722 4132 1825 4180 tres
1865 4121 2087 4192 suerint,
2128 4142 2316 4181 eorum

356 4224 586 4306 quilibet
633 4245 734 4306 pro
775 4226 904 4305 ipsis
937 4225 1106 4299 XLV,
1148 4226 1252 4286 sol.
1287 4227 1434 4307 culp.
1478 4227 1649 4308 jud.''
