2887 4992
974 707 1402 781 -147—

211 938 376 1022 stuk„
412 936 622 1008 wordt
677 959 805 1029 nog
847 892 1262 1027 aszonderlijk
1291 928 1654 1027 gehandeld
1686 954 1840 1001 over
1882 928 2039 1016 hen,
2072 928 2177 1001 die

213 1085 503 1182 gestelen
544 1081 868 1182 goederen
909 1079 1181 1179 koopen.
1237 1080 1358 1151 Die
1400 1078 1537 1151 zich
1580 1077 1841 1151 hieraan
1878 1077 2177 1175 sohuldig

211 1231 448 1304 maken
507 1229 773 1303 worden
834 1226 1016 1327 daar‘
1051 1223 1366 1324 genoemd
1415 1226 1587 1321 sures
1636 1226 2033 1313 subsidiarii,
2092 1250 2173 1297 en

209 1377 296 1449 de
354 1375 519 1455 daad
583 1374 760 1447 zelve
813 1373 990 1445 aliud
1050 1373 1212 1468 furti
1235 1374 1531 1457 ‘crimem
1584 1372 1694 1443 het
1739 1370 2001 1469 spreekt
2048 1371 2171 1443 dus

208 1552 342 1596 van
391 1524 546 1611 zen,
607 1522 718 1595 dat
765 1548 844 1593 ΒΕ
900 1546 1281 1593 munonnssn
1334 1520 1462 1593 hen
1519 1518 1645 1593 ook
1697 1533 1825 1591 wat
1878 1518 1958 1591 de
2012 1520 2178 1591 s‘traf

205 1686 486 1767 aangaat
530 1670 755 1767 geheel
805 1694 884 1740 en
943 1668 1003 1738 al
1046 1683 1175 1739 met
1219 1666 1300 1738 de
1343 1666 1570 1739 dieven
1619 1666 1999 1763 gelijkstelt,
2054 1692 2170 1738 zoo

206 1817 287 1915 zij
345 1815 645 1913 namelijk
697 1814 780 1887 de
839 1814 1160 1911 goederen
1217 1813 1509 1911 koopen,
1570 1814 1867 1887 wetende
1913 1814 2023 1886 dat
2066 1814 2169 1887 die

202 1964 494 2063 gestolen
534 1962 674 2061 zijn.
731 1961 982 2035 Vei-der
1022 1975 1164 2058 zegt
1218 1962 1346 2057 hij,
1385 1961 1513 2032 dat·
1542 1960 1825 2061 degene,
1876 1961 1979 2034 die
2025 1960 2165 2033 zieh

201 2136 364 2183 eens
403 2135 525 2181 aan
563 2108 720 2181 deze
768 2108 1336 2207 medepligtigheid
1381 2110 1446 2206 1)
1489 2090 1663 2181 heeft
1720 2108 2019 2206 schuldig
2057 2135 2167 2206 ge-

206 2256 458 2345 maakt,
504 2282 806 2329 wanneer
847 2255 1223 2327 naderhand
1265 2255 1593 2328 wederom
1621 2257 1907 2353 gestelen
1936 2254 2173 2353 goede·
2242 2339 2245 2344 ¹

199 2428 317 2475 ren
350 2404 415 2474 in
459 2402 584 2501 zijn
622 2402 772 2475 huis
811 2402 1148 2500 gevonden
1176 2403 1441 2473 worden
1464 2462 1478 2491 ‚
1510 2398 1627 2475 een
1655 2403 1829 2475 sterk
1869 2428 2167 2475 vermoe-

200 2551 331 2623 den
397 2563 590 2646 tegen
652 2548 794 2620 zioh
854 2548 1030 2621 heeft
1089 2575 1214 2621 van
1281 2549 1619 2648 herhaling
1670 2578 1793 2623 van
1859 2550 2166 2649 misdrijf3
2237 2608 2251 2618 .

198 2715 394 2772 »tum
443 2697 724 2796 suspicio
767 2696 932 2786 est,”
978 2712 1122 2796 zegt
1151 2697 1272 2795 hij,
1306 2712 1422 2771 »et
1455 2701 1602 2796 jura
1640 2715 1905 2772 censent
1940 2698 2165 2772 eadem

202 2847 448 2921 furtiva
497 2847 708 2935 bona,
778 2845 952 2944 apud
1002 2847 1212 2946 ipsum
1273 2863 1565 2945 reperta,
1618 2863 1834 2946 empta
1890 2874 2030 2920 esse
2082 2851 2167 2920 ab

201 3021 291 3068 eo·
341 3019 478 3064 cum
513 2994 878 3064 conscientia
925 3007 984 3063 et
1023 3007 1194 3064 certa
1239 2995 1461 3064 notitia
1510 2993 1712 3089 furti,
1757 2995 1947 3066 etiam
1993 2995 2044 3102 si
2082 2995 2170 3068 ita

203 3169 317 3215 res
363 3167 506 3214 sese
555 3167 682 3213 non
741 3141 1053 3225 haberet,
1109 3167 1230 3213 nec
1273 3142 1410 3239 ipse
1455 3143 1639 3237 juxta
1698 3144 2027 3214 veritatem
2090 3141 2171 3214 de

205 3292 386 3363 furto
436 3289 862 3386 cognovisset.
953 3289 1273 3374 Quocirca
1321 3304 1392 3361 ut
1438 3289 1544 3360 fur
1582 3291 1773 3362 etiam
1828 3290 2169 3388 puniretur

205 3440 359 3510 licet
389 3437 787 3509 innocenter:
821 3461 1050 3533 nempe
1078 3437 1163 3508 ob
1190 3437 1467 3534 priorem
1496 3437 1925 3534 suspicionem
1957 3437 2165 3509 mali.'’

299 3671 344 3748 1)
388 3669 488 3727 Het
530 3672 574 3728 is
617 3670 712 3728 wel
755 3669 1010 3750 degelijk,
1057 3670 1276 3749 volgcns
1317 3673 1467 3740 hem,
1514 3673 2020 3754 medepligtigheid,
2064 3674 2175 3732 niet
2240 3733 2247 3738 ,

213 3777 631 3855 begunstiging,
690 3755 834 3836 want
887 3778 953 3858 zij
1011 3777 1280 3836 verleiden
1334 3779 1586 3859 eigenlijk
1647 3781 1715 3840 de
1756 3780 1949 3840 dieven
1992 3802 2083 3841 om
2126 3791 2176 3840 te

216 3881 386 3941 stelen
408 3924 426 3952 ‚
481 3884 610 3942 daar
650 3885 778 3944 deze
820 3895 988 3945 weten
1007 3930 1023 3960 ,
1083 3886 1176 3944 dat
1229 3890 1298 3967 zij
1339 3887 1407 3946 de
1460 3888 1725 3966 geslolene
1768 3891 2033 3966 gooderen
2075 3909 2178 3946 aaa
2274 3953 2283 3962 ·

216 3989 328 4045 ben
373 3987 592 4046 konnen
635 3991 970 4071 verkoopen3
1031 3994 1096 4072 zij
1143 3992 1345 4051 voeden
1387 4015 1455 4052 en
1500 3993 1746 4053 kweeken
1787 3995 1854 4052 de
1897 3993 2173 4052 misdaadz

217 4095 406 4154 „fures
449 4095 506 4153 in
549 4096 688 4155 furto
730 4097 936 4156 fortiter
977 4099 1301 4178 coadjuvant
1341 4112 1393 4158 ct
1436 4099 1653 4158 alunt.'’

1077 4270 1343 4292 ψ-
