2887 4992
1438 750 1525 760 -—
1582 710 1725 784 296
1784 751 1871 761 --—

1596 1040 1710 1098 IV.

759 1228 1160 1306 Separationis
1202 1249 1434 1289 mensae
1464 1250 1533 1289 ae
1562 1231 1717 1291 thori
1758 1233 1986 1308 rogatio
2030 1250 2066 1289 a
2100 1232 2441 1307 conjugibus
2484 1253 2633 1291 com·

677 1362 925 1419 munitet
965 1362 1120 1420 facta
1158 1362 1361 1439 negari
1407 1372 1601 1439 potest
1642 1382 1679 1420 a
1712 1362 1941 1437 judice,
1987 1364 2037 1421 si
2074 1384 2201 1422 non
2242 1366 2383 1423 satis
2426 1386 2635 1443 graves

680 1496 734 1553 ei
781 1513 908 1553 esse
953 1496 1260 1557 videantur
1301 1495 1686 1571 separationis
1732 1514 1958 1553 causae.

1608 1732 1685 1791 V.

753 1938 1150 2014 Emphyteuta
1191 1938 1250 1994 in
1287 1937 1623 1995 thesaurum
1668 1956 1839 2013 quem
1880 1939 1941 1996 in
1982 1938 2159 1997 fundo
2202 1940 2449 2007 invenit,
2484 1939 2645 1997 idem

667 2066 765 2139 jus
808 2066 982 2123 habet
1023 2066 1182 2141 quod
1222 2065 1322 2123 lex
1363 2066 1600 2125 domino
1643 2069 1877 2127 addicit.

1584 2306 1679 2365 VI
1687 2347 1703 2361 .

754 2513 852 2569 Ex
895 2521 1004 2570 art.
1057 2513 1172 2570 323
1217 2509 1286 2570 C.
1331 2509 1400 2570 C.
1433 2531 1608 2588 agere
1650 2522 1843 2588 potest
1882 2513 2052 2570 Publ.
2092 2513 2317 2574 Minist.
2362 2531 2481 2569 non
2510 2519 2644 2570 tan·

671 2653 792 2698 tum
813 2641 1106 2700 ·instituta
1163 2642 1264 2699 lite
1306 2644 1378 2699 de
1421 2641 1665 2716 alloujus
1700 2660 1991 2718 personae
2028 2650 2182 2699 statu
2226 2651 2283 2698 et
2318 2641 2518 2716 aliqua
2565 2659 2643 2697 ex

672 2787 846 2828 causa
901 2789 1020 2827 non
1075 2770 1151 2828 ad
1211 2772 1382 2830 finem
1441 2773 1759 2848 perducta,
1820 2791 2019 2830 verum
2080 2773 2253 2830 etiam
2312 2771 2469 2830 nulla
2534 2773 2643 2828 lite

669 2901 979 2976 pendente.

1540 3155 1544 3158 «
1579 3116 1725 3176 VII.

750 3301 968 3358 Merito
1032 3299 1210 3358 verba
1268 3299 1374 3356 sub
1427 3299 1544 3356 fine
1606 3308 1715 3354 art.
1778 3300 1855 3357 20
1914 3295 1982 3356 C.
2041 3297 2129 3355 M.
2191 3303 2323 3354 sunt
2377 3295 2649 3370 adjecta:

669 3434 932 3492 »zonder
973 3433 1073 3490 dat
1130 3431 1207 3507 hij
1251 3432 1457 3490 immer
1506 3439 1593 3488 tot
1635 3439 1954 3506 teruggave
1998 3446 2108 3487 van
2162 3433 2448 3504 genotene
2488 3428 2646 3484 win-

669 3574 795 3624 sten
843 3565 1096 3640 verpligt
1135 3562 1204 3638 zij
1217 3554 1263 3618 .’'

1564 3770 1743 3830 VIII.

743 3951 1046 4010 Mercator
1101 3961 1346 4027 propter
1399 3951 1631 4023 debita,
1676 3969 1825 4026 quae
1877 3957 2269 4008 >mercaturam
2331 3965 2450 4004 non
2510 3963 2651 4022 spe-

661 4089 818 4140 ctant
863 4079 1082 4158 (debita
1125 4081 1345 4156 civilia)
1393 4081 1669 4139 decoctor
1698 4101 1733 4139 a
1762 4079 1964 4154 judice
2006 4079 2481 4156 pronuntiandus
2530 4095 2659 4136 non

657 4211 908 4268 videtur.
