2887 4992
1122 683 1506 749 „33-

320 915 461 974 tero
488 900 901 1000 flagellentur
926 959 940 986 ,
979 913 1045 973 et
1070 925 1259 974 nares
1284 902 1407 973 sibi
1434 903 1707 974 invicem
1735 901 2105 1000 praecidant
2149 903 2270 1001 1).”
2325 933 2330 936 ·

320 1051 462 1122 Van
507 1049 603 1122 dit
642 1049 931 1147 begins-el
962 1075 1086 1121 van
1123 1049 1696 1123 verscheidenheid
1734 1077 1855 1124 van
1897 1053 2061 1124 straf
2090 1051 2274 1148 wijkt

316 1197 542 1270 echter
564 1198 635 1268 af
656 1223 814 1270 eene
836 1196 1141 1297 bepaling
1174 1198 1655 1280 voorkomende
1690 1199 1754 1270 in
1791 1225 1907 1271 een
1935 1200 2136 1274 ander
2168 1226 2270 1272 ca-

316 1343 592 1440 pitulare
617 1369 742 1416 van
784 1369 982 1414 KAREL
1010 1344 1129 1414 den
1152 1344 1318 1416 Kale
1348 1369 1476 1416 van
1511 1345 1622 1433 het
1653 1346 1794 1440 jaar
1821 1347 1994 1432 873,
2025 1345 2266 1416 wan-rin

316 1489 397 1562 de
424 1489 918 1588 medepligtigen
962 1491 1188 1588 geheel
1227 1516 1305 1562 en
1342 1491 1401 1562 al
1438 1505 1572 1564 met·
1595 1457 1720 1564 den
1755 1491 1955 1564 dader
2000 1492 2267 1564 worden

313 1636 773 1734 gelijkgesteld.
805 1640 978 1712 Daar
996 1639 1205 1710 wordt
1234 1639 1536 1736 namelijk
1563 1638 1927 1736 gehandeld
1963 1667 2118 1712 over
2133 1664 2268 1712 ma-

312 1786 473 1884 lefici
504 1787 774 1858 homines
806 1801 865 1856 et
889 1789 1219 1858 sortiariae
1254 1813 1334 1859 en
1360 1788 1634 1886 gezegd:
1660 1813 1841 1860 »non
1869 1789 2077 1880 solum
2107 1790 2265 1860 tales

312 1934 496 2007 istius
529 1935 677 2007 mali
710 1948 1009 2008 auctores
1048 1936 1164 2008 sed
1190 1949 1255 2009 et
1282 1939 1504 2008 conscii
1529 1963 1606 2008 ac
1637 1937 1954 2034 complices
1979 1937 2266 2024 illorum,

313 2082 447 2155 sive
500 2083 933 2156 masculorum
986 2085 1121 2156 sive
1170 2086 1586 2174 feminarum,
1643 2086 2130 2185 disperdantur,
2191 2099 2266 2157 ut

311 2256 438 2302 una
466 2257 615 2304 cum
654 2232 729 2302 iis
754 2232 1023 2303 scientia
1048 2233 1207 2302 tanti
1236 2233 1384 2302 mali
1412 2233 1496 2304 de
1521 2246 1693 2304 terra
1723 2246 1941 2303 nostra
1963 2207 2261 2330 pereat.'’

400 2377 511 2448 Dit
564 2377 839 2448 verschil
888 2378 950 2447 in
1018 2377 1502 2447 strafbaarheid
1553 2376 1820 2472 volgens
1883 2375 1966 2447 de
2025 2376 2262 2449 onder-

305 2524 653 2598 scheidene
692 2524 1069 2621 capitularia
1112 2548 1244 2595 was
1285 2504 1810 2619 een’natuurlijk
1861 2525 2091 2621 gex’rolg
2135 2549 2259 2596 van

304 2672 430 2745 den
482 2672 644 2745 eard.
678 2672 817 2744 dier
866 2670 1409 2768 verordeningen‚
1464 2671 1567 2744 die
1621 2698 1775 2744 naar
1827 2672 1908 2743 de
1955 2673 2259 2745 behoefte

298 2848 427 2895 van
466 2820 579 2893 het
618 2818 966 2917 oogenblik
1008 2819 1269 2891 werden
1314 2820 1622 2917 ingerigt;
1662 2818 1758 2891 uit
1795 2820 1876 2892 de
1911 2834 2076 2892 twee
2105 2846 2256 2892 aan-

300 2966 613 3065 gehaalde
657 2966 1089 3041 voorheelden
1135 2966 1327 3064 blijkt
1367 2967 1685 3055 evenwel,
1739 2966 1852 3039 dat
1893 2994 1963 3039 er
2002 2968 2256 3040 althans

299 3116 363 3185 in
420 3115 545 3187 den
611 3115 786 3211 regel
838 3114 1267 3187 onderscheid
1328 3114 1628 3211 gemaakt
1691 3115 1874 3187 werd
1941 3116 2251 3188 tusschen

296 3268 531 3342 daders
576 3293 656 3339 en
691 3267 1229 3366 medepligtigen,
1283 3294 1363 3339 en
1414 3233 1526 3339 dab
1575 3268 1728 3339 zelfs
1773 3267 1928 3341 deze
1978 3252 2250 3340 laatsben

296 3416 429 3490 niet
458 3414 637 3512 altijd
686 3382 1022 3511 ondenling
1074 3412 1265 3511 gelijk
1314 3416 1618 3500 stonden,
1663 3428 1836 3488 want
1878 3441 1948 3486 er
1981 3414 2247 3487 worden

296 3563 438 3635 hier
480 3576 643 3634 twee
668 3560 925 3634 klassen
952 3562 1265 3658 genoemd
1283 3620 1299 3647 ‚
1328 3563 1553 3633 conscii
1573 3587 1648 3632 ac
1671 3562 2019 3659 complices,-
2046 3588 2248 3633 waar-

300 3708 621 3808 schijnlijk
660 3708 921 3780 werden
962 3708 1103 3780 hier
1143 3722 1273 3781 met
1310 3711 1536 3779 conscii
1567 3710 1697 3780 niet
1731 3709 1934 3781 alleen
1970 3709 2246 3783 bedoeld

371 4051 421 4131 ¹)
464 4051 545 4111 De
586 4052 703 4111 hier
744 4054 1106 4133 aangehaalde
1148 4076 1218 4113 611
1262 4055 1524 4133 volgende
1565 4056 1880 4135 capitularia
1937 4060 2042 4137 zijn
2100 4058 2242 4117 allen

286 4168 337 4217 te
381 4158 584 4217 vinden
619 4159 695 4240 bij
736 4183 967 4219 munzuns.

1967 4270 2004 4327 3
