<?xml version="1.0" encoding="UTF-8"?>
<!DOCTYPE html PUBLIC "-//W3C//DTD XHTML 1.0 Transitional//EN"
    "http://www.w3.org/TR/xhtml1/DTD/xhtml1-transitional.dtd">
<html xmlns="http://www.w3.org/1999/xhtml" xml:lang="en" lang="en">
 <head>
  <title>
</title>
<meta http-equiv="Content-Type" content="text/html;charset=utf-8" />
  <meta name='ocr-system' content='tesseract 3.04.00' />
  <meta name='ocr-capabilities' content='ocr_page ocr_carea ocr_par ocr_line ocrx_word'/>
</head>
<body>
  <div class='ocr_page' id='page_1' title='image "./continensdisqui00besigoog_0030.png"; bbox 0 0 2887 4992; ppageno 0'>
   <div class='ocr_carea' id='block_1_1' title="bbox 1394 674 1759 739">
    <p class='ocr_par' dir='ltr' id='par_1_1' title="bbox 1394 674 1759 739">
     <span class='ocr_line' id='line_1_1' title="bbox 1394 674 1759 739; baseline -0.014 -12"><span class='ocrx_word' id='word_1_1' title='bbox 1394 674 1759 739; x_wconf 51' lang='lat' dir='ltr'>„HJ-..-</span> 
     </span>
    </p>
   </div>
   <div class='ocr_carea' id='block_1_2' title="bbox 698 837 2561 991">
    <p class='ocr_par' dir='ltr' id='par_1_2' title="bbox 698 837 2561 991">
     <span class='ocr_line' id='line_1_2' title="bbox 698 837 2561 991; baseline 0.002 -30"><span class='ocrx_word' id='word_1_2' title='bbox 698 892 766 963; x_wconf 85' lang='lat' dir='ltr'><strong>L.</strong></span> <span class='ocrx_word' id='word_1_3' title='bbox 832 892 956 963; x_wconf 92' lang='lat' dir='ltr'><strong>Sal.</strong></span> <span class='ocrx_word' id='word_1_4' title='bbox 1003 860 1130 965; x_wconf 78' lang='lat' dir='ltr'><strong>¹ern.</strong></span> <span class='ocrx_word' id='word_1_5' title='bbox 1184 892 1278 963; x_wconf 76' lang='lat'><strong>44</strong></span> <span class='ocrx_word' id='word_1_6' title='bbox 1335 893 1376 988; x_wconf 62' lang='lat' dir='ltr'>g</span> <span class='ocrx_word' id='word_1_7' title='bbox 1422 898 1481 962; x_wconf 73' lang='lat' dir='ltr'><strong>l.</strong></span> <span class='ocrx_word' id='word_1_8' title='bbox 1536 894 1600 964; x_wconf 86' lang='lat' dir='ltr'><strong>Si</strong></span> <span class='ocrx_word' id='word_1_9' title='bbox 1638 837 1785 991; x_wconf 59' lang='lat' dir='ltr'><strong>ouis</strong></span> <span class='ocrx_word' id='word_1_10' title='bbox 1816 892 2085 965; x_wconf 85' lang='lat' dir='ltr'><strong>collecto</strong></span> <span class='ocrx_word' id='word_1_11' title='bbox 2128 894 2561 969; x_wconf 76' lang='lat' dir='ltr'><strong>contubernio·</strong></span> 
     </span>
    </p>
   </div>
   <div class='ocr_carea' id='block_1_3' title="bbox 601 1020 2554 1135">
    <p class='ocr_par' dir='ltr' id='par_1_3' title="bbox 601 1020 2554 1135">
     <span class='ocr_line' id='line_1_3' title="bbox 601 1020 2554 1135; baseline 0.003 -27"><span class='ocrx_word' id='word_1_12' title='bbox 601 1020 922 1111; x_wconf 79' lang='lat' dir='ltr'><strong>hominem</strong></span> <span class='ocrx_word' id='word_1_13' title='bbox 979 1040 1329 1135; x_wconf 78' lang='lat' dir='ltr'><strong>ingenuum</strong></span> <span class='ocrx_word' id='word_1_14' title='bbox 1373 1039 1437 1110; x_wconf 89' lang='lat' dir='ltr'><strong>in</strong></span> <span class='ocrx_word' id='word_1_15' title='bbox 1473 1039 1663 1113; x_wconf 88' lang='lat' dir='ltr'><strong>domo</strong></span> <span class='ocrx_word' id='word_1_16' title='bbox 1683 1081 1688 1087; x_wconf 95' lang='lat'>·</span> <span class='ocrx_word' id='word_1_17' title='bbox 1710 1065 1829 1112; x_wconf 90' lang='lat' dir='ltr'><strong>sua</strong></span> <span class='ocrx_word' id='word_1_18' title='bbox 1859 1039 2182 1113; x_wconf 79' lang='lat' dir='ltr'><strong>adsalierit</strong></span> <span class='ocrx_word' id='word_1_19' title='bbox 2214 1054 2279 1113; x_wconf 87' lang='lat' dir='ltr'><strong>et</strong></span> <span class='ocrx_word' id='word_1_20' title='bbox 2313 1040 2554 1114; x_wconf 86' lang='lat' dir='ltr'>ibidem</span> 
     </span>
    </p>
   </div>
   <div class='ocr_carea' id='block_1_4' title="bbox 595 1186 2676 1285">
    <p class='ocr_par' dir='ltr' id='par_1_4' title="bbox 595 1186 2676 1285">
     <span class='ocr_line' id='line_1_4' title="bbox 595 1186 2676 1285; baseline 0 -26"><span class='ocrx_word' id='word_1_21' title='bbox 595 1212 742 1259; x_wconf 88' lang='lat' dir='ltr'><strong>eum</strong></span> <span class='ocrx_word' id='word_1_22' title='bbox 786 1186 1212 1260; x_wconf 88' lang='lat' dir='ltr'><strong>occiderit...</strong></span> <span class='ocrx_word' id='word_1_23' title='bbox 1248 1247 1258 1257; x_wconf 92' lang='lat'>.</span> <span class='ocrx_word' id='word_1_24' title='bbox 1300 1187 1414 1259; x_wconf 86' lang='lat' dir='ltr'><strong>sol.</strong></span> <span class='ocrx_word' id='word_1_25' title='bbox 1463 1190 1609 1275; x_wconf 90' lang='lat' dir='ltr'><strong>DC,</strong></span> <span class='ocrx_word' id='word_1_26' title='bbox 1652 1188 1821 1285; x_wconf 83' lang='lat' dir='ltr'><strong>culp.</strong></span> <span class='ocrx_word' id='word_1_27' title='bbox 1864 1187 1999 1285; x_wconf 86' lang='lat' dir='ltr'><strong>jud.</strong></span> <span class='ocrx_word' id='word_1_28' title='bbox 2056 1188 2097 1283; x_wconf 65' lang='grc' dir='ltr'>ἓ</span> <span class='ocrx_word' id='word_1_29' title='bbox 2142 1192 2205 1259; x_wconf 87' lang='grc'><strong>3.</strong></span> <span class='ocrx_word' id='word_1_30' title='bbox 2298 1189 2549 1275; x_wconf 87' lang='lat' dir='ltr'><strong>Quodsi</strong></span> <span class='ocrx_word' id='word_1_31' title='bbox 2668 1214 2676 1222; x_wconf 87' lang='lat'><strong>·</strong></span> 
     </span>
    </p>
   </div>
   <div class='ocr_carea' id='block_1_5' title="bbox 538 1332 2577 4090">
    <p class='ocr_par' dir='ltr' id='par_1_5' title="bbox 581 1332 2549 2317">
     <span class='ocr_line' id='line_1_5' title="bbox 593 1332 2545 1432; baseline 0.003 -31"><span class='ocrx_word' id='word_1_32' title='bbox 593 1356 832 1429; x_wconf 87' lang='lat' dir='ltr'><strong>corpus</strong></span> <span class='ocrx_word' id='word_1_33' title='bbox 852 1333 1044 1403; x_wconf 90' lang='lat' dir='ltr'><strong>occisi</strong></span> <span class='ocrx_word' id='word_1_34' title='bbox 1071 1332 1347 1405; x_wconf 88' lang='lat' dir='ltr'><strong>hominis</strong></span> <span class='ocrx_word' id='word_1_35' title='bbox 1375 1346 1507 1405; x_wconf 83' lang='lat' dir='ltr'><strong>tres</strong></span> <span class='ocrx_word' id='word_1_36' title='bbox 1525 1333 1749 1431; x_wconf 78' lang='lat' dir='ltr'>plagas</span> <span class='ocrx_word' id='word_1_37' title='bbox 1779 1334 1877 1407; x_wconf 89' lang='lat' dir='ltr'><strong>vel</strong></span> <span class='ocrx_word' id='word_1_38' title='bbox 1904 1334 2186 1432; x_wconf 89' lang='lat' dir='ltr'><strong>amplius</strong></span> <span class='ocrx_word' id='word_1_39' title='bbox 2218 1334 2545 1419; x_wconf 82' lang='lat' dir='ltr'><strong>habuerit,</strong></span> 
     </span>
     <span class='ocr_line' id='line_1_6' title="bbox 591 1455 2549 1581; baseline 0.002 -31"><span class='ocrx_word' id='word_1_40' title='bbox 591 1494 748 1567; x_wconf 84' lang='lat' dir='ltr'><strong>tres,</strong></span> <span class='ocrx_word' id='word_1_41' title='bbox 787 1482 899 1577; x_wconf 90' lang='lat' dir='ltr'><strong>qui</strong></span> <span class='ocrx_word' id='word_1_42' title='bbox 943 1482 1356 1579; x_wconf 73' lang='lat' dir='ltr'><strong>inculpamur</strong></span> <span class='ocrx_word' id='word_1_43' title='bbox 1381 1541 1398 1567; x_wconf 89' lang='lat'><em>‚</em></span> <span class='ocrx_word' id='word_1_44' title='bbox 1434 1496 1501 1555; x_wconf 85' lang='lat' dir='ltr'><strong>et</strong></span> <span class='ocrx_word' id='word_1_45' title='bbox 1532 1482 1709 1581; x_wconf 90' lang='lat' dir='ltr'><strong>quod</strong></span> <span class='ocrx_word' id='word_1_46' title='bbox 1736 1484 1800 1553; x_wconf 92' lang='lat' dir='ltr'><strong>in</strong></span> <span class='ocrx_word' id='word_1_47' title='bbox 1833 1509 1908 1554; x_wconf 93' lang='lat' dir='ltr'><strong>eo</strong></span> <span class='ocrx_word' id='word_1_48' title='bbox 1940 1482 2369 1555; x_wconf 87' lang='lat' dir='ltr'><strong>contubernio</strong></span> <span class='ocrx_word' id='word_1_49' title='bbox 2395 1455 2549 1556; x_wconf 56' lang='lat' dir='ltr'><strong>fu&#39;i‘sss</strong></span> 
     </span>
     <span class='ocr_line' id='line_1_7' title="bbox 589 1628 2547 1729; baseline 0.002 -30"><span class='ocrx_word' id='word_1_50' title='bbox 589 1641 734 1701; x_wconf 87' lang='lat' dir='ltr'><strong>sent</strong></span> <span class='ocrx_word' id='word_1_51' title='bbox 768 1628 1260 1717; x_wconf 85' lang='lat' dir='ltr'><strong>convincuntur,</strong></span> <span class='ocrx_word' id='word_1_52' title='bbox 1286 1630 1491 1727; x_wconf 78' lang='lat' dir='ltr'><strong>legem</strong></span> <span class='ocrx_word' id='word_1_53' title='bbox 1526 1631 1829 1729; x_wconf 88' lang='lat' dir='ltr'><strong>superius</strong></span> <span class='ocrx_word' id='word_1_54' title='bbox 1854 1632 2385 1728; x_wconf 82' lang='lat' dir='ltr'><strong>comprehensam</strong></span> <span class='ocrx_word' id='word_1_55' title='bbox 2412 1633 2547 1703; x_wconf 88' lang='lat' dir='ltr'><strong>sin-</strong></span> 
     </span>
     <span class='ocr_line' id='line_1_8' title="bbox 592 1774 2545 1871; baseline 0.003 -27"><span class='ocrx_word' id='word_1_56' title='bbox 592 1774 854 1869; x_wconf 80' lang='lat' dir='ltr'><strong>gillatim</strong></span> <span class='ocrx_word' id='word_1_57' title='bbox 871 1788 1186 1871; x_wconf 82' lang='lat' dir='ltr'><strong>cogantur</strong></span> <span class='ocrx_word' id='word_1_58' title='bbox 1203 1776 1556 1849; x_wconf 81' lang='lat' dir='ltr'><strong>exsolvere.</strong></span> <span class='ocrx_word' id='word_1_59' title='bbox 1592 1776 1719 1847; x_wconf 90' lang='lat' dir='ltr'><strong>Alii</strong></span> <span class='ocrx_word' id='word_1_60' title='bbox 1745 1802 1892 1849; x_wconf 88' lang='lat' dir='ltr'><strong>vero</strong></span> <span class='ocrx_word' id='word_1_61' title='bbox 1912 1790 2042 1849; x_wconf 88' lang='lat' dir='ltr'><strong>tres</strong></span> <span class='ocrx_word' id='word_1_62' title='bbox 2057 1776 2137 1849; x_wconf 88' lang='lat' dir='ltr'><strong>de</strong></span> <span class='ocrx_word' id='word_1_63' title='bbox 2148 1776 2377 1851; x_wconf 87' lang='lat' dir='ltr'><strong>eodem</strong></span> <span class='ocrx_word' id='word_1_64' title='bbox 2391 1804 2545 1851; x_wconf 88' lang='lat' dir='ltr'><strong>con-</strong></span> 
     </span>
     <span class='ocr_line' id='line_1_9' title="bbox 591 1922 2543 2023; baseline 0.002 -30"><span class='ocrx_word' id='word_1_65' title='bbox 591 1922 916 1997; x_wconf 75' lang='lat' dir='ltr'><strong>tubernio.</strong></span> <span class='ocrx_word' id='word_1_66' title='bbox 937 1982 948 1995; x_wconf 90' lang='lat'><strong>.</strong></span> <span class='ocrx_word' id='word_1_67' title='bbox 972 1981 1018 1995; x_wconf 92' lang='lat'><strong>..</strong></span> <span class='ocrx_word' id='word_1_68' title='bbox 1046 1924 1140 1995; x_wconf 87' lang='lat' dir='ltr'><strong>sol</strong></span> <span class='ocrx_word' id='word_1_69' title='bbox 1183 1925 1298 1995; x_wconf 90' lang='lat' dir='ltr'><strong>XC</strong></span> <span class='ocrx_word' id='word_1_70' title='bbox 1328 1924 1781 2022; x_wconf 81' lang='lat' dir='ltr'><strong>unusquisque</strong></span> <span class='ocrx_word' id='word_1_71' title='bbox 1810 1924 2063 1995; x_wconf 87' lang='lat' dir='ltr'><strong>illorum</strong></span> <span class='ocrx_word' id='word_1_72' title='bbox 2084 1923 2425 2023; x_wconf 85' lang='lat' dir='ltr'><strong>culpabilis</strong></span> <span class='ocrx_word' id='word_1_73' title='bbox 2439 1953 2461 2021; x_wconf 87' lang='lat' dir='ltr'>J</span> <span class='ocrx_word' id='word_1_74' title='bbox 2474 1952 2543 1997; x_wconf 91' lang='lat' dir='ltr'><strong>u-</strong></span> 
     </span>
     <span class='ocr_line' id='line_1_10' title="bbox 586 2069 2540 2165; baseline 0.001 -23"><span class='ocrx_word' id='word_1_75' title='bbox 586 2069 872 2159; x_wconf 85' lang='lat' dir='ltr'><strong>dicetur;</strong></span> <span class='ocrx_word' id='word_1_76' title='bbox 901 2085 965 2145; x_wconf 90' lang='lat' dir='ltr'><strong>et</strong></span> <span class='ocrx_word' id='word_1_77' title='bbox 987 2072 1362 2165; x_wconf 33' lang='lat' dir='ltr'><strong>tres-adhuc</strong></span> <span class='ocrx_word' id='word_1_78' title='bbox 1381 2076 1446 2144; x_wconf 92' lang='lat' dir='ltr'><strong>in</strong></span> <span class='ocrx_word' id='word_1_79' title='bbox 1467 2072 1654 2149; x_wconf 88' lang='lat' dir='ltr'><strong>tertio</strong></span> <span class='ocrx_word' id='word_1_80' title='bbox 1674 2072 1815 2148; x_wconf 86' lang='lat' dir='ltr'><strong>loco</strong></span> <span class='ocrx_word' id='word_1_81' title='bbox 1840 2072 1922 2144; x_wconf 92' lang='lat' dir='ltr'><strong>de</strong></span> <span class='ocrx_word' id='word_1_82' title='bbox 1944 2072 2171 2147; x_wconf 85' lang='lat' dir='ltr'><strong>eodem</strong></span> <span class='ocrx_word' id='word_1_83' title='bbox 2193 2074 2540 2148; x_wconf 83' lang='lat' dir='ltr'><strong>contuber-</strong></span> 
     </span>
     <span class='ocr_line' id='line_1_11' title="bbox 581 2218 2529 2317; baseline 0.001 -28"><span class='ocrx_word' id='word_1_84' title='bbox 581 2218 690 2291; x_wconf 90' lang='lat' dir='ltr'><strong>nio</strong></span> <span class='ocrx_word' id='word_1_85' title='bbox 708 2276 921 2291; x_wconf 92' lang='grc'><strong>......</strong></span> <span class='ocrx_word' id='word_1_86' title='bbox 957 2218 1072 2291; x_wconf 88' lang='lat' dir='ltr'><strong>sol.</strong></span> <span class='ocrx_word' id='word_1_87' title='bbox 1113 2220 1293 2291; x_wconf 94' lang='lat' dir='ltr'><strong>XLV</strong></span> <span class='ocrx_word' id='word_1_88' title='bbox 1316 2218 1551 2317; x_wconf 82' lang='lat' dir='ltr'><strong>singuli</strong></span> <span class='ocrx_word' id='word_1_89' title='bbox 1588 2245 1813 2291; x_wconf 88' lang='lat' dir='ltr'><strong>eorum</strong></span> <span class='ocrx_word' id='word_1_90' title='bbox 1839 2232 2155 2316; x_wconf 79' lang='lat' dir='ltr'><strong>cogantur</strong></span> <span class='ocrx_word' id='word_1_91' title='bbox 2180 2221 2529 2295; x_wconf 85' lang='lat' dir='ltr'><strong>exsolvere.</strong></span> 
     </span>
    </p>

    <p class='ocr_par' dir='ltr' id='par_1_6' title="bbox 557 2366 2535 3512">
     <span class='ocr_line' id='line_1_12' title="bbox 674 2366 2535 2465; baseline 0.002 -28"><span class='ocrx_word' id='word_1_92' title='bbox 674 2366 746 2437; x_wconf 90' lang='lat' dir='ltr'><strong>L.</strong></span> <span class='ocrx_word' id='word_1_93' title='bbox 789 2366 920 2439; x_wconf 82' lang='lat' dir='ltr'><strong>Sal.</strong></span> <span class='ocrx_word' id='word_1_94' title='bbox 974 2393 1098 2439; x_wconf 87' lang='lat' dir='ltr'><strong>em.</strong></span> <span class='ocrx_word' id='word_1_95' title='bbox 1161 2368 1252 2439; x_wconf 77' lang='lat'><strong>45</strong></span> <span class='ocrx_word' id='word_1_96' title='bbox 1302 2368 1342 2463; x_wconf 68' lang='lat' dir='ltr'>g</span> <span class='ocrx_word' id='word_1_97' title='bbox 1383 2372 1447 2439; x_wconf 89' lang='lat'><strong>3.</strong></span> <span class='ocrx_word' id='word_1_98' title='bbox 1536 2368 1601 2439; x_wconf 89' lang='lat' dir='ltr'><strong>Si</strong></span> <span class='ocrx_word' id='word_1_99' title='bbox 1630 2366 1979 2465; x_wconf 66' lang='lat' dir='ltr'><strong>⁴quisforis</strong></span> <span class='ocrx_word' id='word_1_100' title='bbox 2021 2392 2171 2439; x_wconf 89' lang='lat' dir='ltr'><strong>casa</strong></span> <span class='ocrx_word' id='word_1_101' title='bbox 2226 2368 2365 2441; x_wconf 84' lang='lat' dir='ltr'><strong>sive</strong></span> <span class='ocrx_word' id='word_1_102' title='bbox 2412 2369 2535 2443; x_wconf 86' lang='lat' dir='ltr'><strong>iter</strong></span> 
     </span>
     <span class='ocr_line' id='line_1_13' title="bbox 581 2515 2533 2614; baseline 0.003 -30"><span class='ocrx_word' id='word_1_103' title='bbox 581 2537 780 2610; x_wconf 85' lang='lat' dir='ltr'><strong>agens</strong></span> <span class='ocrx_word' id='word_1_104' title='bbox 819 2539 934 2587; x_wconf 89' lang='lat' dir='ltr'><strong>seu</strong></span> <span class='ocrx_word' id='word_1_105' title='bbox 981 2515 1044 2584; x_wconf 91' lang='lat' dir='ltr'><strong>in</strong></span> <span class='ocrx_word' id='word_1_106' title='bbox 1075 2540 1232 2612; x_wconf 75' lang='lat' dir='ltr'><strong>agro</strong></span> <span class='ocrx_word' id='word_1_107' title='bbox 1274 2515 1525 2612; x_wconf 87' lang='lat' dir='ltr'><strong>positus</strong></span> <span class='ocrx_word' id='word_1_108' title='bbox 1568 2541 1605 2586; x_wconf 90' lang='lat' dir='ltr'><strong>a</strong></span> <span class='ocrx_word' id='word_1_109' title='bbox 1644 2515 2308 2589; x_wconf 81' lang='lat' dir='ltr'><strong>contuberniofuerit</strong></span> <span class='ocrx_word' id='word_1_110' title='bbox 2354 2518 2533 2614; x_wconf 87' lang='lat' dir='ltr'><strong>occi·-</strong></span> 
     </span>
     <span class='ocr_line' id='line_1_14' title="bbox 579 2661 2525 2758; baseline 0.002 -26"><span class='ocrx_word' id='word_1_111' title='bbox 579 2686 728 2746; x_wconf 77' lang='lat' dir='ltr'><strong>su5‚</strong></span> <span class='ocrx_word' id='word_1_112' title='bbox 791 2675 854 2732; x_wconf 85' lang='lat' dir='ltr'><strong>et</strong></span> <span class='ocrx_word' id='word_1_113' title='bbox 911 2675 1039 2734; x_wconf 81' lang='lat' dir='ltr'><strong>tres</strong></span> <span class='ocrx_word' id='word_1_114' title='bbox 1088 2661 1312 2758; x_wconf 81' lang='lat' dir='ltr'><strong>plagas</strong></span> <span class='ocrx_word' id='word_1_115' title='bbox 1357 2661 1463 2732; x_wconf 91' lang='lat' dir='ltr'><strong>vel</strong></span> <span class='ocrx_word' id='word_1_116' title='bbox 1520 2661 1799 2758; x_wconf 84' lang='lat' dir='ltr'><strong>amplius</strong></span> <span class='ocrx_word' id='word_1_117' title='bbox 1856 2661 2157 2734; x_wconf 87' lang='lat' dir='ltr'><strong>habuerit</strong></span> <span class='ocrx_word' id='word_1_118' title='bbox 2183 2721 2197 2750; x_wconf 94' lang='lat'>,</span> <span class='ocrx_word' id='word_1_119' title='bbox 2258 2677 2388 2744; x_wconf 84' lang='lat' dir='ltr'><strong>tres</strong></span> <span class='ocrx_word' id='word_1_120' title='bbox 2442 2663 2525 2736; x_wconf 88' lang='lat' dir='ltr'><strong>de</strong></span> 
     </span>
     <span class='ocr_line' id='line_1_15' title="bbox 571 2807 2523 2908; baseline 0.003 -28"><span class='ocrx_word' id='word_1_121' title='bbox 571 2807 796 2880; x_wconf 90' lang='lat' dir='ltr'><strong>eodem</strong></span> <span class='ocrx_word' id='word_1_122' title='bbox 865 2808 1292 2888; x_wconf 86' lang='lat' dir='ltr'><strong>contubernio</strong></span> <span class='ocrx_word' id='word_1_123' title='bbox 1341 2808 1454 2906; x_wconf 88' lang='lat' dir='ltr'><strong>qui</strong></span> <span class='ocrx_word' id='word_1_124' title='bbox 1506 2808 1783 2880; x_wconf 86' lang='lat' dir='ltr'><strong>convicti</strong></span> <span class='ocrx_word' id='word_1_125' title='bbox 1832 2809 2105 2895; x_wconf 86' lang='lat' dir='ltr'><strong>fuerint,</strong></span> <span class='ocrx_word' id='word_1_126' title='bbox 2156 2810 2523 2908; x_wconf 78' lang='lat' dir='ltr'><strong>singillatim</strong></span> 
     </span>
     <span class='ocr_line' id='line_1_16' title="bbox 569 2955 2524 3054; baseline 0.003 -27"><span class='ocrx_word' id='word_1_127' title='bbox 569 2957 792 3027; x_wconf 84' lang='lat' dir='ltr'><strong>mortis</strong></span> <span class='ocrx_word' id='word_1_128' title='bbox 823 2956 994 3030; x_wconf 89' lang='lat' dir='ltr'><strong>illius</strong></span> <span class='ocrx_word' id='word_1_129' title='bbox 1028 2955 1557 3054; x_wconf 82' lang='lat' dir='ltr'><strong>compositionem</strong></span> <span class='ocrx_word' id='word_1_130' title='bbox 1598 2969 2023 3054; x_wconf 82' lang='lat' dir='ltr'><strong>componant,</strong></span> <span class='ocrx_word' id='word_1_131' title='bbox 2064 2972 2128 3030; x_wconf 83' lang='lat' dir='ltr'><strong>et</strong></span> <span class='ocrx_word' id='word_1_132' title='bbox 2154 2972 2285 3030; x_wconf 85' lang='lat' dir='ltr'><strong>tres</strong></span> <span class='ocrx_word' id='word_1_133' title='bbox 2308 2959 2413 3030; x_wconf 89' lang='lat' dir='ltr'><strong>alii</strong></span> <span class='ocrx_word' id='word_1_134' title='bbox 2442 2959 2524 3033; x_wconf 89' lang='lat' dir='ltr'><strong>de</strong></span> 
     </span>
     <span class='ocr_line' id='line_1_17' title="bbox 567 3104 2523 3202; baseline 0.001 -27"><span class='ocrx_word' id='word_1_135' title='bbox 567 3105 708 3202; x_wconf 89' lang='lat' dir='ltr'><strong>ipso</strong></span> <span class='ocrx_word' id='word_1_136' title='bbox 745 3104 1206 3177; x_wconf 88' lang='lat' dir='ltr'><strong>contubernio.</strong></span> <span class='ocrx_word' id='word_1_137' title='bbox 1237 3159 1252 3175; x_wconf 92' lang='lat'><strong>.</strong></span> <span class='ocrx_word' id='word_1_138' title='bbox 1286 3159 1300 3175; x_wconf 90' lang='lat'><strong>.</strong></span> <span class='ocrx_word' id='word_1_139' title='bbox 1330 3163 1343 3177; x_wconf 90' lang='lat'><strong>.</strong></span> <span class='ocrx_word' id='word_1_140' title='bbox 1399 3105 1515 3176; x_wconf 90' lang='lat' dir='ltr'><strong>sol.</strong></span> <span class='ocrx_word' id='word_1_141' title='bbox 1556 3106 1749 3174; x_wconf 93' lang='lat' dir='ltr'><strong>XXX</strong></span> <span class='ocrx_word' id='word_1_142' title='bbox 1786 3104 2236 3202; x_wconf 88' lang='lat' dir='ltr'><strong>unusquisque</strong></span> <span class='ocrx_word' id='word_1_143' title='bbox 2267 3104 2523 3178; x_wconf 86' lang='lat' dir='ltr'><strong>illorum</strong></span> 
     </span>
     <span class='ocr_line' id='line_1_18' title="bbox 563 3252 2519 3352; baseline 0 -26"><span class='ocrx_word' id='word_1_144' title='bbox 563 3254 906 3352; x_wconf 88' lang='lat' dir='ltr'><strong>culpabilis</strong></span> <span class='ocrx_word' id='word_1_145' title='bbox 935 3254 1296 3352; x_wconf 86' lang='lat' dir='ltr'><strong>judicetur,</strong></span> <span class='ocrx_word' id='word_1_146' title='bbox 1351 3269 1414 3326; x_wconf 88' lang='lat' dir='ltr'><strong>et</strong></span> <span class='ocrx_word' id='word_1_147' title='bbox 1453 3269 1583 3326; x_wconf 82' lang='lat' dir='ltr'><strong>tres</strong></span> <span class='ocrx_word' id='word_1_148' title='bbox 1625 3253 1839 3328; x_wconf 87' lang='lat' dir='ltr'><strong>adhuc</strong></span> <span class='ocrx_word' id='word_1_149' title='bbox 1874 3253 1980 3324; x_wconf 90' lang='lat' dir='ltr'><strong>alii</strong></span> <span class='ocrx_word' id='word_1_150' title='bbox 2007 3252 2087 3326; x_wconf 86' lang='lat' dir='ltr'><strong>de</strong></span> <span class='ocrx_word' id='word_1_151' title='bbox 2116 3252 2255 3351; x_wconf 88' lang='lat' dir='ltr'><strong>ipso</strong></span> <span class='ocrx_word' id='word_1_152' title='bbox 2280 3266 2519 3326; x_wconf 85' lang='lat' dir='ltr'><strong>contu-</strong></span> 
     </span>
     <span class='ocr_line' id='line_1_19' title="bbox 557 3373 2507 3512; baseline 0.001 -40"><span class='ocrx_word' id='word_1_153' title='bbox 557 3402 814 3474; x_wconf 90' lang='lat' dir='ltr'><strong>bernio.</strong></span> <span class='ocrx_word' id='word_1_154' title='bbox 847 3460 899 3472; x_wconf 90' lang='lat'><strong>..</strong></span> <span class='ocrx_word' id='word_1_155' title='bbox 926 3460 940 3473; x_wconf 91' lang='lat'><strong>.</strong></span> <span class='ocrx_word' id='word_1_156' title='bbox 969 3401 1084 3472; x_wconf 91' lang='lat' dir='ltr'><strong>sol.</strong></span> <span class='ocrx_word' id='word_1_157' title='bbox 1113 3403 1256 3489; x_wconf 91' lang='lat' dir='ltr'><strong>XV,</strong></span> <span class='ocrx_word' id='word_1_158' title='bbox 1283 3401 1521 3498; x_wconf 82' lang='lat' dir='ltr'><strong>singuli</strong></span> <span class='ocrx_word' id='word_1_159' title='bbox 1546 3426 1767 3472; x_wconf 89' lang='lat' dir='ltr'><strong>eorum</strong></span> <span class='ocrx_word' id='word_1_160' title='bbox 1799 3401 2139 3512; x_wconf 75' lang='lat' dir='ltr'><strong>culpabilis</strong></span> <span class='ocrx_word' id='word_1_161' title='bbox 2160 3373 2507 3500; x_wconf 80' lang='lat' dir='ltr'><strong>judicetur.</strong></span> 
     </span>
    </p>

    <p class='ocr_par' dir='ltr' id='par_1_7' title="bbox 538 3547 2577 4090">
     <span class='ocr_line' id='line_1_20' title="bbox 649 3547 2509 3648; baseline 0.002 -29"><span class='ocrx_word' id='word_1_162' title='bbox 649 3551 724 3620; x_wconf 87' lang='lat' dir='ltr'><strong>In</strong></span> <span class='ocrx_word' id='word_1_163' title='bbox 783 3549 938 3621; x_wconf 92' lang='lat' dir='ltr'><strong>deze</strong></span> <span class='ocrx_word' id='word_1_164' title='bbox 997 3562 1162 3623; x_wconf 88' lang='lat' dir='ltr'><strong>twee</strong></span> <span class='ocrx_word' id='word_1_165' title='bbox 1212 3549 1506 3648; x_wconf 86' lang='lat' dir='ltr'><strong>plaatsen</strong></span> <span class='ocrx_word' id='word_1_166' title='bbox 1550 3548 1763 3620; x_wconf 88' lang='lat' dir='ltr'><strong>wordt</strong></span> <span class='ocrx_word' id='word_1_167' title='bbox 1810 3547 2005 3622; x_wconf 87' lang='lat' dir='ltr'><strong>zeker</strong></span> <span class='ocrx_word' id='word_1_168' title='bbox 2051 3550 2175 3622; x_wconf 87' lang='lat' dir='ltr'><strong>wel</strong></span> <span class='ocrx_word' id='word_1_169' title='bbox 2232 3577 2355 3622; x_wconf 88' lang='lat' dir='ltr'><strong>van</strong></span> <span class='ocrx_word' id='word_1_170' title='bbox 2420 3556 2509 3624; x_wconf 74' lang='lat'><strong>40</strong></span> 
     </span>
     <span class='ocr_line' id='line_1_21' title="bbox 545 3697 2503 3797; baseline 0.002 -28"><span class='ocrx_word' id='word_1_171' title='bbox 545 3723 862 3795; x_wconf 88' lang='lat' dir='ltr'><strong>personen</strong></span> <span class='ocrx_word' id='word_1_172' title='bbox 905 3698 1303 3797; x_wconf 79' lang='lat' dir='ltr'><strong>gesproken,</strong></span> <span class='ocrx_word' id='word_1_173' title='bbox 1349 3697 1453 3770; x_wconf 88' lang='lat' dir='ltr'><strong>die</strong></span> <span class='ocrx_word' id='word_1_174' title='bbox 1490 3699 1682 3771; x_wconf 89' lang='lat' dir='ltr'><strong>boete</strong></span> <span class='ocrx_word' id='word_1_175' title='bbox 1716 3713 1969 3772; x_wconf 86' lang='lat' dir='ltr'><strong>moeten</strong></span> <span class='ocrx_word' id='word_1_176' title='bbox 2008 3699 2265 3772; x_wconf 86' lang='lat' dir='ltr'><strong>betalen</strong></span> <span class='ocrx_word' id='word_1_177' title='bbox 2288 3759 2305 3786; x_wconf 88' lang='lat'>‚</span> <span class='ocrx_word' id='word_1_178' title='bbox 2334 3701 2503 3774; x_wconf 85' lang='lat' dir='ltr'><strong>doch</strong></span> 
     </span>
     <span class='ocr_line' id='line_1_22' title="bbox 543 3844 2503 3944; baseline 0.001 -27"><span class='ocrx_word' id='word_1_179' title='bbox 543 3872 669 3917; x_wconf 87' lang='lat' dir='ltr'><strong>van</strong></span> <span class='ocrx_word' id='word_1_180' title='bbox 717 3869 874 3916; x_wconf 90' lang='lat' dir='ltr'><strong>eene</strong></span> <span class='ocrx_word' id='word_1_181' title='bbox 911 3844 1627 3944; x_wconf 82' lang='lat' dir='ltr'><strong>gemeenschappelijke</strong></span> <span class='ocrx_word' id='word_1_182' title='bbox 1672 3844 2163 3943; x_wconf 79' lang='lat' dir='ltr'><strong>onderneming,</strong></span> <span class='ocrx_word' id='word_1_183' title='bbox 2210 3873 2331 3920; x_wconf 88' lang='lat' dir='ltr'><strong>van</strong></span> <span class='ocrx_word' id='word_1_184' title='bbox 2384 3873 2503 3944; x_wconf 81' lang='lat' dir='ltr'><strong>ge-</strong></span> 
     </span>
     <span class='ocr_line' id='line_1_23' title="bbox 538 3991 2577 4090; baseline 0 -28"><span class='ocrx_word' id='word_1_185' title='bbox 538 3991 1114 4090; x_wconf 77' lang='lat' dir='ltr'><strong>welddadigheden</strong></span> <span class='ocrx_word' id='word_1_186' title='bbox 1146 3991 1307 4063; x_wconf 89' lang='lat' dir='ltr'><strong>door</strong></span> <span class='ocrx_word' id='word_1_187' title='bbox 1333 4015 1491 4062; x_wconf 90' lang='lat' dir='ltr'><strong>eene</strong></span> <span class='ocrx_word' id='word_1_188' title='bbox 1524 4005 1859 4088; x_wconf 80' lang='lat' dir='ltr'><strong>gemeente</strong></span> <span class='ocrx_word' id='word_1_189' title='bbox 1885 4019 2011 4062; x_wconf 89' lang='lat' dir='ltr'><strong>van</strong></span> <span class='ocrx_word' id='word_1_190' title='bbox 2051 3997 2137 4063; x_wconf 73' lang='lat'><strong>40</strong></span> <span class='ocrx_word' id='word_1_191' title='bbox 2178 4019 2494 4090; x_wconf 86' lang='lat' dir='ltr'><strong>personen</strong></span> <span class='ocrx_word' id='word_1_192' title='bbox 2574 3991 2577 3994; x_wconf 67' lang='grc'><strong><em>’</em></strong></span> 
     </span>
    </p>
   </div>
   <div class='ocr_carea' id='block_1_6' title="bbox 533 4138 2497 4238">
    <p class='ocr_par' dir='ltr' id='par_1_8' title="bbox 533 4138 2497 4238">
     <span class='ocr_line' id='line_1_24' title="bbox 533 4138 2497 4238; baseline 0.001 -27"><span class='ocrx_word' id='word_1_193' title='bbox 533 4139 854 4238; x_wconf 78' lang='lat' dir='ltr'><strong>gepleegd</strong></span> <span class='ocrx_word' id='word_1_194' title='bbox 905 4140 978 4210; x_wconf 74' lang='lat' dir='ltr'><strong>is‘</strong></span> <span class='ocrx_word' id='word_1_195' title='bbox 1003 4139 1338 4236; x_wconf 80' lang='lat' dir='ltr'><strong>geenszins</strong></span> <span class='ocrx_word' id='word_1_196' title='bbox 1381 4138 1812 4237; x_wconf 85' lang='lat' dir='ltr'><strong>sprake‚.wel</strong></span> <span class='ocrx_word' id='word_1_197' title='bbox 1858 4167 1978 4212; x_wconf 88' lang='lat' dir='ltr'><strong>van</strong></span> <span class='ocrx_word' id='word_1_198' title='bbox 2018 4139 2096 4212; x_wconf 86' lang='lat' dir='ltr'><strong>de</strong></span> <span class='ocrx_word' id='word_1_199' title='bbox 2134 4142 2497 4238; x_wconf 81' lang='lat' dir='ltr'><strong>uitvoering</strong></span> 
     </span>
    </p>
   </div>
  </div>
 </body>
</html>
