2887 4992
280 937 361 1011 de
425 936 870 1037 geestelijken,
911 937 1014 1011 die
1072 940 1263 1038 hulp,
1317 942 1511 1028 raad,
1564 943 2019 1041 begunstiging
2066 942 2234 1015 had-

277 1083 406 1159 den
456 1084 779 1159 verleend.

375 1233 458 1305 Al
512 1232 670 1307 deze
732 1234 1199 1308 verschillende
1255 1235 1512 1309 klassen
1576 1262 1704 1310 van
1766 1235 2227 1323 mededaders;

275 1380 776 1479 medepligtigen
818 1408 898 1455 en
925 1382 1415 1481 begunstigem,
1450 1383 1713 1459 werden
1740 1384 2009 1482 gestraft
2042 1409 2233 1455 naar-

275 1543 454 1602 mate
496 1554 620 1603 van
670 1530 793 1603 den
841 1531 1042 1629 graad
1090 1558 1215 1608 van
1257 1531 1481 1605 hunne
1533 1531 1939 1629 deelneming
1986 1557 2067 1603 en
2105 1557 2229 1603 van

270 1676 358 1750 de
396 1677 766 1776 bijzondere
800 1679 1375 1779 omstandigheden
1399 1740 1414 1769 ‚
1452 1682 1695 1753 waarin
1727 1640 1904 1753 ieder
1939 1708 2065 1753 van
2099 1682 2228 1753 hen

271 1823 655 1915 verkeerde,
714 1839 926 1916 want,
987 1828 1204 1900 zooals
1265 1828 1329 1899 in
1379 1827 1507 1901 den
1548 1854 1845 1925 aanvang
1893 1854 2017 1899 van
2066 1829 2221 1926 Cap.

269 1975 361 2045 VI
408 1974 653 2071 gezegd
699 1974 786 2046 is:
833 2002 1044 2048 »sane
1089 2002 1239 2049 cum
1290 1976 1391 2048 vir
1428 1976 1751 2052 discretus
1792 1976 2063 2065 existaS,
2094 1975 2228 2074 ple-

271 2122 424 2193 nius
469 2122 668 2209 nosti,
722 2124 900 2222 quod
951 2124 1017 2195 in
1066 2125 1438 2197 excessibus
1490 2124 1894 2223 singulorum
1931 2150 2062 2196 non
2110 2150 2223 2196 so·—

268 2252 407 2340 luin
455 2270 772 2365 quantitas
815 2284 880 2341 et
921 2270 1196 2367 qualitas
1229 2269 1480 2357 delicti,
1526 2269 1641 2343 sed
1682 2284 1854 2341 aetas
1874 2328 1890 2359 ‚
1932 2271 2189 2341 scientia
2208 2329 2222 2357 ,

265 2440 490 2505 semus,
545 2429 742 2515 atque
799 2416 1062 2488 conditio
1117 2416 1551 2518 delinquentis
1602 2430 1755 2489 sunt
1802 2414 2224 2487 attendenda:

271 2577 339 2636 et
381 2589 512 2636 non
549 2564 760 2637 solum
789 2565 1149 2639 secundum
1185 2565 1551 2664 praedicta,
1589 2564 1703 2638 sed
1750 2563 2106 2638 secundum
2146 2565 2229 2635 lo-

269 2738 411 2784 cum
459 2727 524 2784 et
570 2727 844 2812 tempuS,
880 2740 1012 2814 quo
1049 2715 1352 2788 delictum
1397 2715 1857 2806 committitur,
1899 2715 2225 2810 unicuique

263 2861 642 2958 poenitentia
691 2862 860 2934 debet
919 2864 1115 2936 indici
1132 2895 1154 2952 ‚-
1207 2891 1355 2937 cum
1417 2862 1585 2936 idem
1656 2889 1961 2936 excessus
2022 2861 2227 2958 magis

268 3010 354 3082 sit
400 3011 465 3082 in
510 3036 642 3083 uno
691 3037 885 3112 quam
939 3013 1003 3084 in
1057 3013 1181 3084 alio
1233 3011 1655 3110 puuiendus‚''
2106 2993 2109 2996 ⁴

371 3159 614 3232 Geheel
664 3159 728 3232 in
785 3161 1408 3259 overeenstemming
1451 3175 1582 3233 met
1628 3159 1709 3232 de
1756 3159 2229 3256 eigendomme-

267 3307 425 3406 lijke
461 3307 796 3406 strekking
824 3335 951 3381 van
991 3309 1102 3381 het
1128 3309 1533 3382 boetestelsel
1558 3366 1575 3394 ,
1606 3307 1715 3380 dat
1749 3334 1869 3380 aan
1900 3306 1981 3378 de
2013 3306 2229 3378 Chris-

271 3452 493 3551 telijke
547 3454 679 3528 leer
731 3481 812 3526 en
867 3455 1014 3528 dien
1074 3455 1457 3554 tengevolge
1512 3481 1636 3526 aan
1700 3453 1811 3524 het
1863 3448 2226 3550 Canonisch

269 3601 441 3698 Regt
483 3614 592 3674 ten
638 3602 988 3701 grondslag
1036 3602 1184 3700 ligt‚
1245 3603 1424 3676 werd
1459 3627 1583 3675 van
1640 3599 1722 3672 de
1761 3596 2230 3672 verschillende

269 3747 699 3839 deelnemerS‚
761 3749 864 3822 die
915 3749 1408 3846 achtervolgens
1474 3746 1739 3820 worden
1787 3743 2226 3844 opgenoemd,

271 3897 586 3994 sommige
661 3899 727 3968 in
793 3899 1274 3972 strafbaarheid
1333 3913 1463 3973 met.
1510 3898 1635 3971 den
1682 3895 1883 3968 dader
1928 3890 2234 3991 gelijkge-

269 4043 479 4130 steld,
523 4045 760 4119 andere
805 4048 994 4144 ligter
1044 4049 1329 4144 gestraft.
1385 4051 1508 4120 Tot
1542 4047 1622 4118 de
1675 4058 1925 4116 eersten
1958 4038 2231 4111 behoor-

265 4192 392 4265 den
464 4193 578 4290 zij,
644 4195 746 4267 die
815 4199 1021 4268 animo
1087 4195 1402 4267 occidendi
1470 4189 1955 4290 tegenwoordig
2012 4209 2227 4255 waren
