2887 4992
1358 639 1738 709 ...34-

586 863 666 936 de
720 861 1177 958 meewustigen
1218 885 1397 932 13331·
1442 858 1570 931 ook
1621 857 1904 932 anderen
1945 857 2049 930 die
2099 857 2524 930 intellectueel

589 1037 710 1082 333
766 1036 882 1082 een
951 1009 1228 1106 misdrijf
1302 1007 1680 1081 deelnamen
1703 1066 1718 1096 ,
1788 1006 2017 1103 terwijl
2086 1005 2170 1098 de
2222 1003 2532 1105 physieke

590 1158 1085 1257 medepligtigen
1126 1158 1443 1255 complices
1477 1158 1754 1230 heetten.
1807 1159 1951 1228 Van
1990 1155 2338 1254 zoodanige
2371 1154 2538 1228 deel-

592 1307 851 1404 neming
890 1305 1101 1378 wordt
1148 1305 1274 1378 ook
1311 1330 1538 1403 gewag
1585 1304 1886 1402 gemaakt
1926 1303 1992 1374 in
2031 1328 2152 1376 een
2193 1302 2544 1402 capitulare

595 1481 717 1527 van
776 1481 1093 1527 Lonsswux
1144 1457 1203 1525 II
1259 1455 1331 1526 of
1371 1455 1492 1526 den
1539 1454 1903 1545 Duitsclier‚
1957 1477 2134 1526 waar
2185 1451 2545 1550 gesproken

595 1602 807 1674 wordt
847 1628 974 1677 van
1024 1603 1152 1675 hen
1200 1602 1307 1675 die
1373 1602 1796 1700 misdadigers
1846 1601 2234 1700 gewoonlijk
2277 1601 2546 1674 herber-

599 1749 847 1847 gen‘de,
908 1750 1035 1823 hen
1084 1763 1179 1822 101
1242 1752 1387 1824 roof
1442 1764 1780 1823 aanzetten
1833 1775 1914 1822 en
1975 1750 2041 1821 in
2089 1749 2356 1824 hunnen
2407 1749 2547 1820 buit

598 1892 862 1982 deelen;
908 1894 1063 1968 deze
1111 1895 1375 1967 worden
1414 1894 1574 1968 daar
1614 1907 1824 1992 teregt
1869 1896 2004 1968 niet
2049 1895 2144 1968 als
2188 1894 2545 1993 medeplig-

600 2041 773 2138 tigen
834 2067 1013 2114 13331·
1081 2043 1175 2115 als
1242 2042 1663 2116 mededaders
1719 2041 2120 2116 beschouwd
2190 2043 2366 2140 (quia
2430 2069 2552 2114 non

596 2189 794 2261 solum
836 2191 963 2289 ipsi
1011 2192 1188 2264 mala
1228 2205 1542 2289 perayunt
1595 2191 1701 2262 sed
1743 2193 1930 2262 etiam
1971 2192 2243 2264 aliorum
2285 2216 2462 2288 opere
2501 2205 2558 2262 et

600 2339 796 2435 officio
845 2339 932 2411 ad
966 2340 1202 2413 scelera
1240 2355 1501 2412 utuntur
1543 2341 1597 2438 1)
1623 2341 1669 2438 ).
1714 2341 1810 2410 Er
1845 2339 1968 2438 zijn
2011 2339 2138 2412 ook
2179 2340 2556 2438 capitularia

604 2484 707 2559 die
757 2485 1040 2590 epreken
1082 2513 1207 2559 van
1259 2487 1661 2583 eenvoudige
1713 2487 2154 2586 niet-nangifte
2203 2514 2326 2561 van
2377 2487 2554 2574 roos,

554 2726 559 2731 ·
606 2657 685 2703 en
744 2632 911 2739 haar*
954 2646 1085 2705 met
1142 2660 1308 2707 eene
1357 2635 1622 2733 geringe
1668 2636 1862 2709 boete
1905 2636 2200 2725 straffen‚
2254 2636 2404 2734 bijv.
2451 2637 2562 2709 het

690 2958 737 3037 ¹)
782 2958 919 3037 Cap.
980 2956 1119 3015 Lud.
1166 2957 1236 3014 ll.
1300 2955 1624 3014 Audivimus
1676 2978 1894 3037 quoque
1919 2956 2066 3037 quod
2108 2956 2334 3037 quidam
2374 2956 2564 3015 domos

606 3076 659 3123 31
710 3062 1063 3144 possessiones
1116 3062 1375 3120 habentes
1396 3104 1412 3133 ‚
1457 3062 1748 3121 concilient
1786 3062 1892 3121 sibi
1933 3072 2095 3143 atquc
2135 3062 2443 3122 consocient
2479 3062 2565 3121 la-

609 3182 787 3230 trones
827 3169 1041 3228 aliunde
1084 3169 1377 3234 venientem
1422 3190 1620 3248 eosque
1661 3168 1867 3227 occulte
1910 3170 2126 3229 foveant
2166 3180 2218 3227 31
2251 3168 2566 3228 30131133131·

612 3278 679 3337 ad
720 3276 825 3335 1313
866 3275 1073 3334 facinus
1114 3274 1563 3354 perpetrandum,
1616 3284 1674 3331 31
1715 3275 1975 3355 quicquid
2016 3275 2120 3355 ipsi
2160 3296 2223 3333 ex
2263 3276 2567 3355 pernicioso

610 3404 769 3463 opere
816 3381 1207 3460 adquiescerint
1258 3402 1387 3437 cum
1427 3382 1492 3437 iis
1533 3358 1882 3461 pastinatur„
1915 3380 2062 3461 quod
2103 3402 2272 3459 genus
2313 3380 2568 3441 malefac-

610 3505 789 3549 torum
829 3490 1123 3569 pessimum
1161 3488 1492 3568 judicamus»,
1539 3490 1666 3567 quia
1709 3511 1819 3548 303
1859 3485 2034 3547 solum
2077 3490 2182 3568 ipsi
2222 3488 2366 3547 mala
2407 3510 2572 3569 pera-

610 3605 781 3673 gunt,
836 3594 928 3655 sed
968 3594 1132 3652 etiam
1174 3594 1405 3653 aliorum
1450 3614 1611 3671 opere
1653 3603 1704 3651 et
1746 3593 1926 3651 officio
1970 3593 2272 3651 ad'scelera
2323 3602 2566 3651 utuntur.

612 3702 936 3781 Ubicunque
981 3702 1147 3778 igitur
1193 3702 1253 3758 in
1293 3700 1389 3758 tali
1426 3700 1731 3779 suspicione
1776 3700 2005 3779 quilibet
2040 3702 2266 3765 venerit,
2301 3712 2362 3758 ut
2389 3720 2574 3759 rumor

610 3809 669 3866 in
710 3808 915 3889 populo
957 3808 1229 3886 dispersus
1269 3806 1432 3864 fuerit
1478 3806 1624 3885 quod
1653 3806 1785 3864 haec
1813 3806 2052 3865 facinora
2095 3816 2356 3877 exerceat,
2397 3808 2441 3865 si
2475 3806 2572 3865 ad-

609 3914 718 3973 huc
758 3913 1031 3994 prolatum
1058 3898 1157 3983 esf,
1188 3933 1315 3970 cum
1344 3912 1633 3970 duodecim
1659 3933 1714 3969 se
1741 3922 1958 3993 purget.
2005 3912 2064 3969 Si
2099 3926 2278 3971 autem
2308 3913 2366 3969 in
2394 3911 2573 3992 aliquo

612 4020 981 4077 manifestatus
1022 4029 1113 4076 331
1140 4017 1510 4097 deprehensus
1543 4028 1643 4088 est,
1683 4018 1864 4075 statim
1903 4017 2149 4096 capiatur
2176 4028 2230 4077 31
2267 4018 2570 4101 destringa-

612 4138 699 4185 tur
738 4137 791 4183 et
830 4126 1235 4185 damnationem
1282 4124 1492 4203 legibus
1533 4124 1828 4203 praefixam
1872 4124 2146 4183 sustineat.
