2887 4992
1358 648 1742 722 -24-

644 889 647 894 -
676 847 857 918 Eene
908 873 1033 944 neg
1061 848 1198 920 veel
1226 862 1558 945 strengere
1594 848 1896 947 bepaling
1933 849 2124 921 bevat
2157 873 2315 922 eene
2350 849 2518 922 uude

578 957 705 1066 welz
766 1022 883 1066 van
946 957 1203 1094 Koning
1251 993 1708 1084 Assrnss'unnrm
1776 997 1932 1069 daar
1979 963 2190 1069 wortit
2244 997 2357 1070 het
2405 997 2514 1070 des

579 1144 833 1218 bewust
896 1147 1122 1219 leenen
1180 1173 1306 1218 van
1347 1172 1660 1245 wapenen
1709 1147 1978 1244 gestraft
2003 1205 2019 1233 ,
2079 1147 2232 1219 zelfs
2283 1147 2342 1218 al
2388 1173 2520 1220 was

581 1319 650 1365 er
692 1319 855 1390 geen
896 1270 1174 1393 misdi-ijs
1200 1294 1387 1366 mede
1420 1292 1752 1393 gepleegd.

677 1445 805 1515 Het
872 1442 1371 1542 psychologisch
1449 1443 1824 1516 deelnemen
1896 1468 2016 1514 aan
2089 1468 2208 1515 een
2257 1442 2529 1540 misdrijf

580 1591 818 1689 schijnt
866 1617 1013 1664 men
1055 1592 1120 1663 in
1172 1591 1622 1690 tegenstelling
1668 1618 1788 1664 van
1837 1590 2092 1663 »daad’'
2143 1592 2528 1690 gewoonlijk

582 1738 825 1811 »raad'’
876 1739 1197 1840 genoemd
1240 1753 1304 1811 te
1348 1740 1647 1827 hebben3
1695 1766 1876 1812 maer
1929 1740 2262 1814 hiermede
2293 1741 2530 1814 drukte

585 1911 733 1959 men
802 1886 953 1958 toch
1008 1885 1474 1985 voornamelijk
1540 1887 1636 1958 uit
1678 1887 1791 1959 het
1834 1886 2195 1986 opwekken
2251 1889 2320 1960 of
2364 1888 2566 1962 doen.

584 2047 880 2107 ontstaan
930 2060 1059 2106 van
1108 2061 1229 2107 een
1274 2033 1593 2132 misdadig
1641 2061 2072 2146 voornemen‚
2125 2037 2197 2107 of
2227 2035 2338 2109 het
2386 2063 2528 2110 ver-

583 2182 844 2254 sterken
906 2183 1145 2255 dearin.
1251 2185 1377 2256 Het
1433 2181 1611 2256 werd
1687 2197 1817 2256 met
1864 2182 2331 2256 verschillende
2381 2184 2533 2256 boe-

582 2343 691 2402 ten
749 2330 1046 2428 gestraft:
1113 2291 1381 2430 volgens
1446 2330 1527 2404 de
1576 2331 2148 2429 Longobardische
2215 2346 2344 2404 wet
2406 2357 2530 2406 van

585 2478 845 2575 Koning
878 2449 1216 2565 numium,
1270 2477 1491 2550 boette
1525 2503 1676 2550 men
1718 2477 2040 2550 consilium
2079 2480 2294 2551 mortis
2327 2479 2396 2551 of
2418 2479 2537 2553 *het

586 2624 825 2697 malum
871 2625 1193 2697 consilium
1236 2637 1368 2696 met
1408 2627 1504 2701 20
1548 2624 1812 2698 soliden.
1893 2628 1966 2697 In
2013 2626 2124 2699 het
2169 2628 2497 2724 algemeen
2519 2686 2536 2716 ,

586 2949 715 3007 inde
753 2948 963 3020 fecerit,
1008 2948 1313 3027 dampnum
1355 2947 1490 3005 illud
1530 2948 1804 3018 emendet,
1847 2958 1900 3007 et
1934 2952 2088 3028 cujus
2121 2969 2272 3007 arma
2299 2948 2534 3018 fueraut,

586 3058 631 3115 si
670 3057 745 3133 ita
786 3054 1068 3134 procedat,
1114 3053 1365 3113 emendet
1404 3076 1496 3125 se,
1543 3055 1688 3134 quod
1731 3075 1832 3113 nec
1876 3055 2010 3113 velle
2071 3076 2172 3113 nec
2211 3076 2395 3133 posse,
2440 3075 2539 3113 nec

567 3150 809 3223 'consilio
850 3183 952 3221 nec
992 3163 1299 3221 testimonio
1337 3164 1452 3241 ejus
1494 3162 1780 3234 exstiterit3
1827 3172 1881 3219 et
1931 3162 2036 3220 Dei
2082 3172 2291 3221 rectum
2330 3172 2428 3233 est,
2484 3172 2542 3219 ut

588 3288 783 3347 pacem
822 3266 1018 3325 habeat
1057 3275 1111 3324 et
1152 3266 1353 3338 videat,
1396 3266 1493 3345 qui
1533 3265 1787 3337 misfecit,
1832 3278 1891 3325 ut
1911 3288 2010 3347 per
2037 3270 2220 3327 omnia
2247 3268 2542 3339 secundum

590 3373 765 3451 legem
807 3372 1074 3431 emendet.
1141 3370 1401 3430 Observet
1456 3380 1632 3429 autem
1685 3372 1776 3431 ille
1797 3416 1814 3441 ‚
1872 3378 2026 3454 cujus
2067 3394 2220 3432 arma
2248 3384 2439 3446 erant,
2485 3384 2543 3431 ut

590 3504 703 3542 non
743 3503 805 3540 ea
846 3483 1092 3560 recipiat,
1136 3489 1426 3561 antequam
1469 3482 1526 3538 in
1570 3482 1724 3539 omni
1766 3482 2080 3560 calumpnia
2113 3482 2319 3541 munda
2355 3483 2443 3542 sit.
2485 3481 2544 3540 Si

592 3588 862 3670 quaelibet
902 3598 1052 3646 arma
1094 3586 1313 3667 politori
1355 3586 1438 3645 vel
1479 3587 1813 3669 emendaturi
1853 3590 2140 3647 commissa
2163 3599 2289 3647 sunt
2319 3590 2386 3647 ad
2414 3609 2540 3668 pur-

590 3696 857 3775 gandum,
904 3695 983 3753 vel
1024 3694 1245 3753 cuilibet
1284 3695 1351 3752 ad
1392 3694 1738 3766 servandum,
1782 3703 1846 3752 -et
1888 3694 1954 3752 de
1994 3693 2169 3753 subito
2211 3694 2543 3773 arripiuntur

596 3806 665 3863 ad
706 3803 912 3885 aliquid
954 3802 1095 3859 male
1137 3802 1429 3881 agendum,
1473 3804 1681 3883 justum
1718 3810 1819 3871 est,
1863 3801 1953 3859 eui
1986 3799 2226 3859 absoluta
2263 3802 2544 3859 commissa

594 3920 741 3981 sunt,
786 3908 1029 3969 absoluta
1061 3910 1363 3977 restituant,
1410 3910 1517 3967 nisi
1556 3908 1695 3967 forte
1733 3906 2030 3966 custodiam
2072 3927 2259 3965 eorum
2300 3906 2546 3965 diffinitis

600 4018 1091 4101 praelocutionibus
1132 4017 1437 4089 abdicaret3
1497 4018 1542 4091 qi
1582 4018 1748 4075 etiam
1787 4016 1916 4105 ipse·
1942 4034 2112 4093 super.
2143 4013 2228 4071 his
2275 4022 2544 4074 accusetur

597 4126 954 4189 conscientiae
974 4124 1056 4185 vel
1080 4123 1446 4203 possibilitatis
1467 4123 1523 4181 in
1548 4122 1748 4202 aliquo,
1784 4129 2044 4202 perneget
2060 4120 2197 4179 sicut
2227 4128 2431 4181 rectum
2451 4128 2542 4179 est.
