2887 4992
1413 742 1791 812 ...26-

623 961 792 1057 mige
833 972 1064 1032 wetten
1100 959 1376 1057 spreken
1407 960 1535 1033 ook
1582 986 1703 1031 van
1745 960 1855 1031 het
1902 961 2085 1056 geval
2115 1019 2130 1046 ‚
2170 960 2279 1033 dat
2316 962 2569 1034 iemand

621 1109 760 1181 een’
789 1108 988 1181 ander
1028 1108 1188 1181 door
1225 1109 1329 1179 list
1367 1132 1438 1179 er
1466 1134 1585 1180 aan
1630 1108 1985 1194 blootstelt,
2026 1134 2130 1179 om
2172 1106 2333 1181 door
2365 1136 2567 1181 eenen

625 1256 867 1330 dei-den
917 1269 980 1329 te
1027 1256 1291 1329 worden
1334 1256 1586 1353 gedood
1671 1258 1803 1328 Zoo
1852 1270 1996 1355 zegt
2040 1256 2121 1329 de
2166 1256 2270 1329 lex
2312 1234 2576 1355 Anglioss

625 1430 769 1477 rum
815 1420 882 1477 et
921 1405 1332 1477 Werinorum
1373 1406 1469 1476 tit.
1518 1407 1673 1476 XIV
1716 1404 1798 1477 de
1836 1404 2172 1477 veneficis:
2200 1406 2316 1477 »Si
2346 1406 2575 1479 mulier

625 1554 923 1625 maritum
981 1552 1294 1624 veneficio
1355 1552 1611 1625 dicatur
1670 1552 2017 1639 occidisse,
2071 1554 2171 1624 vei
2215 1553 2365 1625 dolo
2398 1555 2575 1625 maio

625 1698 707 1771 ad
757 1698 1179 1771 occidendum
1225 1698 1619 1797 prodidisse,
1657 1701 1990 1799 proximus
2034 1700 2319 1772 mulieris
2346 1726 2577 1798 campo

621 1860 764 1919 eam
814 1826 1216 1918 inriocentem
1253 1846 1525 1934 efficiat,
1571 1860 1683 1919 aut
1720 1849 1771 1919 si
1816 1848 2221 1945 campionem
2272 1872 2402 1919 non
2454 1848 2573 1919 ha-

625 1995 882 2082 buerit,
952 1995 1090 2093 ipsa
1135 1994 1216 2067 ad
1254 2020 1485 2068 novom
1538 2020 1833 2069 vomeres
1872 1995 2108 2093 ignitois
2154 1995 2578 2069 examinanda

625 2144 972 2217 mittatur.”
1071 2147 1170 2217 De
1239 2146 1405 2217 straf
1470 2170 1606 2218 was
1677 2144 1803 2217 dus
1845 2144 2190 2218 volkomen
2242 2144 2572 2231 dezelfde,

621 2292 810 2392 hetzij
840 2292 915 2391 zij
959 2294 1024 2365 in
1068 2319 1344 2393 persoon
1381 2295 1583 2368 haren
1621 2318 1769 2365 man
1801 2292 1925 2366 had
1968 2292 2309 2391 vergiftigd
2332 2351 2349 2379 ,
2378 2292 2571 2389 hetzij

555 2458 560 2462 “
619 2444 774 2516 hare
817 2443 1164 2541 handeling
1215 2469 1374 2516 eene
1408 2438 1762 2517 mededaad
1808 2466 1965 2514 was.
2066 2440 2165 2512 De
2210 2440 2313 2512 lex
2362 2438 2567 2512 Frisi-

613 2617 809 2663 onum
870 2590 1088 2662 maakt
1137 2590 1202 2660 in
1266 2615 1385 2664 een
1437 2589 1811 2686 soortgelijk
1858 2586 2042 2686 geva}
2096 2585 2559 2673 onderscheid‚

622 2738 694 2809 of
741 2737 821 2808 de
863 2736 1065 2808 dader
1103 2735 1404 2834 gevlugt,
1457 2735 1581 2807 dan
1615 2735 1735 2807 wel
1792 2735 1863 2806 of
1902 2733 1987 2831 hij
2035 2747 2225 2833 gevat
2276 2733 2373 2831 zij.
2430 2737 2563 2805 Zoo

607 2888 710 2982 ja,
763 2909 896 2956 was
949 2883 1031 2956 de
1089 2883 1523 2956 intellectuele
1588 2883 1956 2956 deelnomer
2021 2883 2141 2956 wel
2190 2882 2321 2953 niet
2364 2881 2563 2982 stras—

616 3031 802 3118 baar‚
840 3056 1018 3102 maar
1057 3031 1184 3103 had
1219 3031 1360 3102 zich
1400 3032 1549 3102 toch
1588 3045 1651 3102 te
1700 3028 1997 3102 wachten
2036 3053 2195 3101 voor
2232 3026 2315 3100 de
2349 3025 2571 3100 blood⁶

611 3179 830 3252 wraak
881 3205 1004 3252 vau
1049 3178 1132 3251 de
1171 3192 1541 3250 verwanten
1589 3177 1704 3250 des
1748 3175 2179 3249 vermoorden
2226 3173 2308 3272 1).

702 3330 847 3400 Een
909 3327 1109 3400 ander
1149 3341 1247 3399 tot
1294 3327 1408 3400 het
1458 3331 1690 3424 plegen
1742 3350 1864 3400 van
1916 3352 2035 3399 een
2076 3283 2385 3420 misiirijf,
2436 3323 2561 3396 be-

681 3659 742 3761 ¹)'
771 3681 878 3739 Lex
920 3681 1224 3740 Frisionum
1267 3679 1359 3751 111,
1399 3681 1665 3740 Fon-esni.
1720 3679 1780 3738 Si
1818 3677 2016 3738 nobilis
2057 3675 2297 3735 nobilem
2324 3693 2423 3753 per
2463 3672 2553 3728 in-

601 3789 826 3868 genium
868 3787 973 3847 alio
1014 3787 1227 3846 homini
1267 3789 1335 3847 ad
1377 3786 1731 3848 occidendum
1770 3785 2107 3866 exposuerit,
2149 3794 2203 3842 et
2236 3783 2283 3841 is
2309 3781 2557 3862 quicum

602 3895 819 3967 occidit,
852 3895 1028 3975 patria
1059 3894 1244 3954 relicta
1280 3894 1607 3975 profugerit,
1650 3897 1743 3976 qui
1769 3915 1895 3953 eum
1920 3894 2167 3974 exposuit
2188 3891 2401 3948 tertiam
2426 3909 2559 3968 par-

599 4011 709 4060 tem
766 4002 938 4061 leudis
989 4011 1302 4080 componat.
1371 4002 1430 4061 Si
1488 4023 1615 4062 vero
1660 4002 1933 4061 homicida
1976 4019 2088 4058 non
2129 3997 2329 4075 fugerit
2351 4039 2367 4063 ,
2414 3993 2560 4052 nihil

600 4097 780 4170 solvat‘
807 4109 900 4168 sed
940 4117 1151 4168 tantum
1180 4109 1493 4168 inimicitias
1523 4109 1958 4192 propinquorum
1986 4104 2226 4164 hominis
2260 4102 2422 4162 occisi
2454 4121 2559 4179 pa-

602 4219 783 4285 tiatur,
830 4217 1022 4288 donee,
1070 4215 1340 4296 quomodo
1367 4216 1625 4296 potuerit,
1653 4235 1841 4274 eorum
1872 4213 2167 4272 amicitiam
2198 4209 2551 4288 adipiscatur.
