2887 4992
1379 710 1487 751 ·—
1551 691 1782 761 40—-

583 920 854 992 ·missus
905 919 1170 992 Comitis
1220 934 1345 1007 est,
1399 946 1527 991 non
1577 918 1949 1004 adduxerit,
2002 933 2066 991 et
2111 917 2193 989 de
2235 916 2566 987 hoc-facto

523 1110 526 1115 ·
623 1069 758 1141 sive
813 1067 894 1141 de
945 1070 1067 1141 hac
1129 1068 1416 1167 nequitia
1456 1081 1603 1166 post
1649 1067 1774 1139 hoc
1825 1068 1890 1137 in
1943 1064 2303 1165 praesentia
2330 1064 2567 1162 judicis

622 1218 956 1290 convictus
1002 1216 1234 1308 fuerit,
1287 1219 1491 1314 ipsius
1538 1215 1752 1287 damni
1798 1214 2237 1287 aestimatione
2270 1239 2391 1311 pro
2431 1237 2565 1309 quo

622 1365 728 1438 fur
773 1366 877 1439 vel
909 1366 1072 1475 lauto
1115 1363 1623 1463 comprehensus
1656 1376 1778 1451 est,
1820 1387 2209 1460 componere
2239 1358 2567 1457 cogatur.''

719 1515 792 1584 ln
835 1512 895 1585 al
929 1512 1084 1585 deze
1115 1511 1406 1609 gevallen
1439 1510 1653 1583 wordt
1688 1509 1812 1582 dus
1846 1508 1929 1581 de
1952 1508 2413 1605 begunstiging
2444 1531 2566 1578 van

623 1684 742 1734 een
783 1660 1058 1759 misdrijf
1101 1662 1328 1760 geheel
1369 1665 1451 1733 en
1477 1661 1560 1732 ‘al
1602 1659 2047 1758 gelijkgesteld
2081 1672 2212 1731 met
2268 1657 2380 1729 het
2413 1656 2571 1727 mis-

622 1809 776 1906 drijf
821 1809 976 1897 zelf3
1024 1836 1171 1882 men
1220 1835 1368 1908 mag
1413 1810 1651 1885 hieruit
1700 1809 1921 1882 echter
1970 1833 2099 1905 nog
2148 1808 2279 1879 niet
2321 1804 2569 1879 beslui-

625 1969 762 2043 ten,
817 1956 927 2029 dat
977 1957 1071 2029 dit
1120 1984 1237 2030 een
1287 1957 1660 2056 algemeene
1698 1957 1874 2055 rogel
1923 1956 2130 2029 zoude
2178 1955 2303 2053 zijn
2330 2012 2351 2049 ‚
2396 1968 2575 2028 want

625 2128 697 2175 er
738 2103 1004 2177 worden
1053 2105 1485 2202 daarentegen
1527 2104 1653 2176 ook
1700 2104 1841 2177 vele
1892 2105 2185 2205 plaatsen
2235 2105 2300 2175 in
2343 2104 2424 2177 de
2460 2129 2574 2176 oa-

624 2252 926 2350 pitularia
977 2251 1343 2349 gevonden,
1399 2278 1575 2324 waar
1622 2252 1703 2325 de
1744 2214 2204 2350 begnnstiging
2248 2263 2381 2324 met
2414 2276 2575 2324 eene

622 2397 938 2495 bepaalde
987 2399 1150 2470 straf
1188 2397 1400 2471 wordt
1447 2398 1759 2498 bedreigd
1806 2398 2047 2471 zonder
2096 2426 2255 2471 naar
2304 2400 2407 2473 die
2448 2426 2575 2472 van

629 2546 756 2619 den
797 2546 997 2618 dader
1039 2560 1104 2617 te
1144 2572 1405 2643 vragen.
1495 2550 1627 2619 Zoo
1674 2561 1819 2645 zegt
1858 2547 2011 2643 bijv.
2066 2574 2184 2620 een
2225 2549 2581 2647 capitulare

628 2719 752 2766 van
797 2667 1183 2766 munden*
1222 2695 1486 2768 Groote:
1534 2696 1667 2768 »de
1714 2697 2073 2770 latronibus
2116 2714 2181 2770 et
2214 2696 2583 2771 malefacto-

629 2840 813 2913 ribus
858 2841 972 2939 qui
1007 2841 1089 2913 de
1123 2868 1254 2936 uno
1297 2844 1603 2916 comitatu
1646 2845 1729 2916 ad
1766 2846 1959 2918 alium
1996 2847 2371 2944 confugium
2409 2846 2586 2920 fece-

520 3091 522 3094 *
628 2989 790 3076 rint,
845 2988 897 3058 si
947 2990 1094 3086 quis
1148 3015 1259 3062 eos
1309 2992 1625 3088 receperit
1680 2993 1744 3062 in
1794 3017 1915 3064 sua
1954 3005 2275 3090 potestate
2305 2994 2389 3065 “et
2424 3019 2585 3091 sep-

630 3150 762 3208 tem
812 3137 1114 3208 noctibus
1163 3163 1384 3210 secum
1433 3137 1816 3226 detinuerit,
1868 3140 1986 3212 nisi
2036 3138 2119 3212 ad
2161 3153 2585 3239 praesentan-

628 3281 822 3370 dum,
885 3295 1178 3386 nostrum
1237 3284 1529 3356 bannum
1590 3287 1811 3360 solvat.
1918 3287 2219 3359 Similiter
2263 3289 2315 3358 si
2368 3313 2591 3360 comes

635 3453 784 3502 eum
829 3429 1256 3504 absconderet
1299 3446 1364 3504 et
1404 3432 1487 3504 ad
1528 3433 1841 3530 justitiam
1873 3433 2233 3506 faciendum
2273 3459 2586 3532 praesen-

630 3589 770 3650 tare
795 3580 1103 3669 noluerit,
1134 3594 1198 3652 et
1223 3581 1305 3653 ad
1331 3580 1459 3654 hoc
1485 3607 1797 3654 excusare
1825 3609 1953 3654 non
1980 3596 2228 3682 potest,
2263 3563 2585 3657 honorem

634 3751 830 3800 suurn
874 3727 1160 3825 perdat,''
1233 3708 1571 3803 Meerdere
1621 3731 2053 3805 voorbeelden
2097 3731 2280 3804 vindt
2328 3758 2497 3838 men0
2523 3734 2591 3804 in

545 3943 552 3950 .
637 3873 718 3948 de
768 3876 1146 3974 capitularia
1193 3903 1317 3950 van
1371 3905 1571 3950 unm,
1619 3879 1738 3950 den
1790 3880 2013 3954 Groote
2061 3907 2185 3956 van
2236 3879 2409 3988 ¹798,
2464 3907 2595 3970 van

644 4028 819 4118 809,
865 4029 1005 4098 8⁴0
1049 4053 1127 4100 en
1171 4027 1332 4101 843.

1433 4168 1749 4190 w*—
