2887 4992
1100 703 1491 768 *39-

312 928 447 1025 ling
484 927 579 999 als
617 952 743 1000 van
778 925 947 998 ouds
984 950 1109 998 van
1150 924 1277 997 den
1308 924 1488 996 heler
1520 949 1646 996 van
1683 921 2101 1020 misdadigers
2137 935 2267 994 met

310 1073 393 1146 de
456 1073 879 1170 misdadigers
938 1073 1150 1160 zelve3
1202 1071 1358 1168 bijv.
1409 1071 1473 1142 in
1539 1097 1659 1144 een
1715 1071 2071 1169 capitulare
2137 1096 2262 1143 van

312 1219 673 1294 omstreeks
717 1219 828 1291 het
864 1221 1005 1316 jaar
1054 1219 1199 1292 '744
1252 1219 1411 1292 leest
1459 1243 1638 1289 men:
1688 1219 1792 1290 »si
1847 1218 1994 1316 quis
2046 1243 2083 1288 a
2126 1217 2270 1290 fure

311 1369 607 1442 nesciens
650 1366 892 1466 aliquid
950 1367 1209 1455 emerit,
1264 1378 1536 1465 quaerat
1591 1379 1858 1463 accepto
1907 1365 2115 1463 spatio
2154 1363 2264 1437 fu-

312 1540 473 1605 rem,
513 1539 709 1614 quem
756 1515 809 1586 si
838 1539 965 1586 non
994 1514 1280 1612 potuerit
1310 1513 1632 1599 invenire,
1669 1513 1904 1612 probet
1941 1538 2012 1586 se
2052 1536 2272 1584 sacra-

314 1673 533 1734 mento
559 1660 966 1733 innocentem
987 1699 1007 1745 ,·
1032 1676 1099 1733 et
1121 1685 1259 1733 rem
1297 1659 1596 1732 restituat
1621 1673 1687 1732 et
1720 1660 1928 1732 furem
1956 1683 2271 1758 quaerere

312 1835 443 1882 non
470 1810 741 1882 omittat.
796 1807 1044 1906 Quodsi
1068 1809 1278 1881 furem
1304 1809 1608 1882 celaverit
1633 1825 1698 1881 et
1725 1811 2089 1907 perjurasse
2115 1835 2269 1906 pos-

312 1969 419 2030 tea
466 1955 768 2029 derectus
806 1955 1039 2044 fuerit,
1084 1970 1391 2056 tanquam
1436 1958 1542 2029 fur
1579 1972 1646 2028 et
1691 1957 1828 2056 ipse
1867 1955 2266 2031 damnetur.''

412 2104 663 2179 Verder
690 2105 755 2178 in
780 2131 898 2178 een
928 2105 1130 2178 ander
1154 2105 1514 2204 capitulare
1535 2132 1662 2178 van
1690 2132 1891 2177 11111111.
1909 2106 2028 2176 den
2047 2105 2273 2178 Groote

316 2279 445 2327 van
492 2257 633 2328 806
684 2280 1196 2354 »quemcunque
1238 2269 1383 2353 post
1424 2255 1687 2326 Missam
1725 2253 1930 2325 sancti
1977 2279 2276 2325 Joumms

315 2403 551 2476 latroni
602 2402 998 2474 mansionem
1045 2400 1330 2488 dederit,
1382 2401 1436 2470 si
1489 2403 1780 2472 Francus
1830 2414 1928 2472 est
1979 2425 2126 2472 cum
2185 2403 2274 2476 ⁴2

316 2550 638 2623 similibus
698 2550 964 2621 Francis
1020 2551 1197 2647 juret
1255 2548 1431 2647 quod
1491 2549 1805 2621 latronem
1869 2575 2017 2621 eum
2076 2549 2281 2622 fuisse

321 2723 453 2770 non
480 2699 741 2783 scisset,
787 2696 937 2769 licet
970 2709 1152 2795 pater
1190 2698 1332 2792 ejus
1372 2696 1456 2768 sit
1493 2709 1608 2769 aut
1645 2697 1844 2769 frater
1869 2697 1970 2769 vel
2001 2697 2276 2795 propin-

316 2872 509 2945 quus
610 2846 677 2917 Si
729 2844 854 2915 hoc
890 2846 1113 2940 jurare
1160 2870 1292 2915 non
1340 2844 1624 2943 potuerit
1668 2858 1732 2917 et
1756 2845 1839 2915 ab
1881 2844 2098 2941 aliquo
2125 2870 2276 2916 con-

318 2998 533 3066 victus
582 2992 776 3065 fuerit
819 2990 997 3089 quod
1044 2991 1359 3064 latronem
1402 2992 1468 3063 in
1522 2991 1803 3091 hospitio
1851 2992 2270 3089 suscepisset,

319 3140 505 3239 quasi
555 3140 720 3211 latro
762 3152 829 3211 et
868 3137 1143 3211 infidelis
1176 3139 1550 3237 judicetur,
1599 3140 1752 3239 quia
1787 3140 1953 3213 latro
1998 3138 2274 3212 infidelis

322 3302 421 3361 est
463 3302 681 3359 noster
718 3300 785 3359 et
817 3290 1213 3373 Francorum
1251 3290 1460 3386 etqui
1495 3288 1674 3359 illum
1725 3288 2012 3387 suscepit
2053 3288 2276 3361 similis

318 3453 417 3513 est
458 3412 573 3511 ei.''
658 3440 731 3509 In
783 3436 1301 3536 een.capitulare
1343 3462 1466 3508 van
1495 3462 1696 3507 mam,
1730 3436 1851 3507 den
1891 3436 2114 3509 Groote
2147 3464 2272 3509 van

325 3590 453 3658 80⁴
492 3583 704 3657 wordt
741 3583 989 3681 degene
1013 3582 1119 3655 die
1153 3582 1236 3655 de
1258 3582 1450 3680 vlugt
1485 3608 1610 3654 van
1646 3608 1847 3655 eenen
1881 3583 2018 3656 dies
2046 3584 2275 3657 bevor-

260 3767 267 3771 ·
323 3732 468 3838 dert
493 3730 721 3829 geheel
764 3744 895 3803 met
930 3730 1131 3804 dezen
1157 3727 1606 3828 gelijkgesteld
1642 3755 1722 3801 en
1758 3730 1823 3801 in
1864 3730 2027 3827 zijne
2069 3732 2276 3828 plaats

324 3881 627 3978 gestraft:
703 3879 820 3951 »Si
869 3880 1017 3977 quis
1066 3879 1273 3950 furem
1322 3877 1425 3950 vel
1469 3877 1782 3951 latronem
1835 3878 2270 3976 comprehen-

324 4028 493 4101 derit
546 4042 610 4100 et
665 4054 815 4100 eum
876 4026 1241 4102 indemnem
1302 4025 1615 4098 dimiserit
1678 4052 1888 4125 neque
1949 4026 2128 4097 illum
2193 4027 2277 4098 ad

324 4178 752 4277 praesentiam
790 4176 992 4250 Ducis
1030 4187 1143 4247 aut
1186 4173 1458 4247 Comitis
1489 4172 1592 4245 vel
1628 4172 1750 4245 loci
1782 4174 2130 4245 servatoris
2163 4175 2277 4273 qui
