2887 4992
1087 740 1473 813 -37-...

391 964 464 1035 In
517 964 660 1037 vele
708 962 1088 1062 capitularia
1118 962 1330 1036 werdt
1371 962 1733 1060 gehandeld
1775 990 1931 1037 over
1965 965 2078 1038 het
2108 992 2251 1039 ver-

293 1107 537 1207 bergen
564 1135 690 1181 van
717 1108 1166 1206 misdadigers3
1197 1109 1309 1182 het
1333 1108 1735 1182 bevorderen
1762 1110 2018 1182 hunner
2032 1110 2243 1209 vlugt‚

294 1284 376 1330 en
428 1256 491 1327 in
541 1257 655 1329 het
689 1256 1016 1353 algemeen
1053 1282 1208 1329 over
1253 1257 1729 1353 begunstiging.
1803 1256 2089 1355 Volgens
2130 1284 2253 1331 een

295 1404 652 1503 capitulare
691 1430 814 1475 van
863 1430 1062 1475 KAREL
1105 1404 1225 1475 den
1280 1404 1503 1477 Groote
1549 1430 1675 1477 van
1716 1407 1855 1475 813
1885 1461 1901 1489 ,
1948 1403 2127 1476 werd
2170 1403 2251 1477 de

296 1552 631 1639 beambte,
678 1551 782 1624 die
817 1551 956 1623 zich
1002 1551 1112 1623 liet
1163 1551 1550 1650 omkoopen3
1603 1575 1704 1622 om
1757 1551 1891 1623 een'
1936 1565 2036 1624 ter
2080 1550 2254 1623 dood'

294 1698 756 1773 verocrdeelde
797 1712 861 1771 te
906 1698 1073 1771 doen
1123 1699 1536 1796 ontvlugten,
1596 1712 1729 1770 met
1766 1697 2053 1770 dezelfde
2094 1698 2258 1769 stras

291 1844 641 1943 bedreigd,
669 1846 774 1918 die
815 1845 970 1917 deze
1011 1844 1217 1918 zoude
1253 1846 1514 1918 hebben
1551 1858 1807 1917 moeten
1850 1844 2249 1942 ondergaan:
2360 1890 2371 1899 ·

296 1997 436 2067 »Ut
475 1994 686 2065 sicarii
733 2019 1004 2066 munera
1044 2019 1127 2066 ne
1176 1993 1495 2092 accipiant
1531 2019 1649 2093 pro
1692 1994 1813 2066 illis
1856 1992 2249 2083 latronibUS,

298 2142 412 2241 qui
455 2156 605 2215 ante
644 2142 943 2215 comitem
988 2141 1258 2239 judicati
1299 2142 1541 2215 fuerint
1576 2141 1657 2214 ad
1708 2155 1999 2214 mortem.
2056 2139 2251 2227 Quod
2292 2112 2295 2117 .

295 2292 348 2363 si
396 2291 524 2362 hoc
574 2289 1124 2388 perpetraverint,
1175 2290 1304 2363 tale
1343 2289 1659 2387 judicium
1716 2290 2030 2360 sustineat
2087 2289 2255 2360 sicut

299 2453 368 2512 et
421 2438 586 2511 latro
628 2414 958 2535 judicatas
1007 2450 1137 2526 est3
1199 2436 1352 2536 quia
1410 2449 1755 2536 postquam
1802 2434 2049 2508 scabini
2104 2460 2261 2508 eum·

308 2583 832 2683 dijudicaverint,
891 2609 1020 2655 non
1083 2598 1186 2656 est
1254 2583 1511 2656 licentia
1566 2582 1817 2656 comitis
1876 2583 1973 2655 vel
2037 2582 2265 2654 vicarii·

302 2730 393 2804 ei·
421 2731 618 2803 vitam
668 2729 1089 2842 concedeief'
1183 2732 1366 2803 Eene
1419 2756 1580 2802 even
1626 2715 1897 2828 'strenge
1955 2729 2263 2828 bepaling

299 2879 564 2953 bevatte
609 2903 728 2952 een
773 2876 1127 2978 capitulare
1171 2903 1294 2951 van
1334 2903 1719 2950 cnmmzmr
1762 2903 1843 2948 en
1888 2902 2269 2961 cnonmusr

289 3109 569 3119 —————-

301 3251 468 3310 Jussit
523 3270 650 3308 eum
707 3251 948 3309 occidere
1003 3251 1252 3310 dominos
1304 3272 1426 3310 suos
1479 3251 1614 3310 duos
1653 3250 1906 3321 infanteS‚
1953 3271 2125 3308 unum
2168 3251 2273 3330 qui'

301 3358 498 3417 habuit
537 3355 577 3414 9
619 3379 811 3430 annm,
857 3358 1024 3416 alium
1066 3361 1162 3439 qui
1203 3359 1396 3418 habuit
1443 3357 1539 3416 ll.
1624 3358 1707 3416 Ad
1752 3367 2059 3418 extremum
2106 3356 2263 3415 illum

303 3484 520 3523 servum
561 3473 850 3544 postquam
897 3464 1148 3524 dominos
1186 3486 1307 3524 suos
1347 3465 1467 3524 illos
1505 3485 1701 3544 puevos
1726 3465 1943 3534 occidit,
1971 3463 2031 3521 in
2051 3461 2266 3522 foveam

307 3570 586 3650 quandam
615 3571 864 3651 projecit.
913 3571 980 3628 Et
1003 3572 1306 3652 judicatum
1335 3581 1412 3629 est
1452 3581 1511 3628 ut
1548 3570 1705 3628 illum
1741 3570 1841 3649 qui
1862 3589 2061 3628 novem
2100 3589 2273 3626 annos

309 3675 503 3734 habuit
544 3674 828 3754 weregildo
868 3688 1194 3758 componam
1242 3677 1411 3735 alium
1457 3698 1583 3736 vero
1611 3677 1709 3757 qui
1759 3674 1826 3732 ll
1868 3697 2041 3734 annos
2078 3674 2271 3732 habuit

310 3781 624 3862 dupliciten'
673 3804 914 3855 servum,
965 3805 1129 3864 quem
1175 3784 1533 3855 mordricum,
1578 3781 1883 3862 tripliciter3
1932 3793 1984 3840 et
2026 3780 2274 3838 bannum

311 3895 555 3946 nostrum
609 3888 677 3947 ad
738 3890 946 3948 omnia.
1041 3889 1138 3948 Dit
1177 3891 1222 3948 is
1271 3911 1347 3947 nu
1397 3888 1496 3949 wel
1539 3887 1735 3947 slechts
1790 3909 1918 3945 eene
1972 3884 2275 3965 regterlijke

317 3993 592 4074 uitspraak
640 4006 865 4073 geweest
892 3997 952 4054 in
996 4016 1095 4054 een
1148 3995 1428 4077 bijzonder
1482 3994 1670 4074 geval,
1715 4015 1863 4051 maar
1905 3993 1974 4051 de
2015 4000 2277 4070 wetgever

313 4101 466 4161 heeft
504 4101 632 4162 tocli
673 4124 788 4162 zeer
829 4102 1004 4174 mlier,
1050 4102 1183 4162 door
1222 4101 1355 4160 baar
1396 4102 1456 4159 in
1498 4101 1565 4159 de
1585 4100 1903 4180 capitularia
1929 4100 1988 4156 in
2011 4107 2062 4157 te
2085 4098 2270 4156 vlech-

321 4217 447 4276 ten,
488 4230 546 4268 er
588 4229 687 4268 een
730 4208 1015 4288 regna-egel
1059 4229 1167 4268 van
1206 4207 1386 4268 willan
1429 4205 1645 4266 maken.
