2887 4992
1354 705 1633 771 --150
1687 730 1772 742 ··-

631 926 878 1024 gesteld
918 902 1140 997 in⁹het
1185 948 1455 1021 vroeger
1514 921 1796 995 vermeld
1842 921 2093 1019 placeat
2134 946 2257 993 van
2310 922 2591 993 Holland

635 1102 757 1148 van
814 1080 901 1146 46
953 1076 1106 1147 Dec.
1161 1076 1349 1145 ⁴595
1395 1099 1475 1145 en
1527 1098 1648 1143 van
1695 1072 1786 1143 44
1838 1073 2051 1143 Maart
2103 1070 2327 1159 46⁴4,
2382 1095 2589 1159 mear,

636 1250 791 1295 naar
842 1224 956 1296 het
1005 1221 1272 1295 verhaal
1325 1247 1449 1293 van
1501 1248 1549 1293 s.
1594 1246 1717 1292 vm
1759 1244 2061 1292 manwen
2106 1220 2186 1317 1),
2228 1218 2409 1291 werd
2435 1219 2594 1292 deze

632 1352 960 1468 bepaling,
999 1370 1132 1441 niet
1205 1366 1557 1466 nageleefd.
1682 1369 1809 1439 Het
1860 1366 2177 1464 volgende
2240 1364 2597 1439 hoofdstuk

632 1516 898 1589 handelt
949 1542 1102 1589 over
1148 1514 1489 1613 eigenlijke
1540 1514 1943 1611 deelneming
1994 1540 2074 1585 en
2136 1513 2595 1612 medepligtig-

635 1666 818 1753 heid,
884 1667 976 1753 of,
1043 1692 1158 1737 zoo
1212 1665 1304 1737 als
1372 1692 1671 1737 Moonmu
1724 1663 2015 1762 spreekt,
2082 1690 2238 1737 over
2284 1665 2469 1762 hulpe
2518 1690 2597 1735 en

635 1964 772 2020 stu-af
808 1970 1034 2041 aangaat
1074 1974 1194 2040 zegt
1234 1960 1312 2041 hij
1333 2004 1352 2031 ‚
1421 1962 1649 2020 »mitius
1688 1962 1878 2041 puniri
1918 1982 2077 2033 eum,
2119 1962 2216 2042 qui
2258 1972 2472 2020 tantum
2510 1983 2603 2022 re·

637 2070 781 2149 cepit
822 2069 1089 2127 latronem
1132 2067 1218 2125 vel
1260 2068 1479 2129 alterius
1516 2068 1765 2127 criminis
1803 2090 1983 2139 reum,
2028 2089 2142 2128 non
2184 2068 2349 2127 etiam
2376 2068 2605 2127 societa-

639 2188 754 2234 tem·
789 2174 1053 2234 scelerum
1097 2174 1380 2255 turpisque
1421 2174 1560 2233 lucri
1600 2195 1727 2233 cum
1768 2196 1830 2233 eo
1874 2176 2161 2247 contraxit;
2208 2176 2397 2235 eadem
2424 2187 2603 2235 autem

636 2302 812 2364 poena
867 2281 1011 2339 affici
1052 2301 1213 2355 eum,
1261 2281 1355 2360 qui
1397 2281 1647 2340 societate
1686 2280 1947 2368 scelerum
2002 2291 2279 2341 contracta
2329 2282 2607 2363 recepit.”

637 2386 762 2459 zie,
801 2388 870 2445 ad
912 2373 1020 2453 lib'..
1057 2385 1282 2451 XLVII.
1325 2386 1451 2465 Dig.
1498 2387 1587 2445 tit.
1634 2388 1709 2458 X,
1754 2387 1823 2446 de
1864 2388 2320 2467 receptatoribus»,
2363 2388 2429 2449 C.
2472 2391 2519 2465 1,
2571 2388 2597 2445 l

643 2518 714 2554 cn
755 2496 822 2556 C.
867 2495 918 2554 II
941 2537 960 2568 ‚
1019 2493 1083 2552 2.
1133 2531 1205 2543 -
1253 2494 1395 2554 Over
1452 2495 1520 2555 de
1570 2478 1971 2556 strafbaarheid
2032 2518 2138 2555 van
2188 2498 2296 2556 den
2343 2496 2603 2577 Iastgever

644 2615 722 2663 tot
764 2625 866 2662 een
908 2601 1179 2684 misdrijf,
1237 2613 1355 2681 zegt
1395 2603 1515 2684 hij:
1577 2604 1712 2684 »qui
1749 2603 1905 2684 jussit
1945 2603 2217 2663 ordinaria
2253 2585 2452 2688 'poena
2509 2625 2602 2684 pe-

643 2709 802 2766 rinde
871 2717 1112 2782 tenetur,
1175 2728 1238 2765 ac
1299 2709 1343 2766 si
1403 2730 1498 2766 sua
1570 2710 1684 2788 ipse
1762 2729 1928 2769 manu
1986 2711 2158 2769 ‘scelus
2225 2721 2596 2791 perpetrasset.

642 2811 709 2870 Ei
753 2832 876 2871 vero
917 2811 1016 2891 qui
1055 2811 1278 2890 paruit,
1337 2813 1396 2870 in
1439 2812 1729 2872 levioribus
1767 2815 2099 2894 ignoscitur,
2153 2817 2214 2876 in
2255 2817 2603 2877 atrocioribus

646 2938 762 2977 non
819 2918 1040 2997 quidem
1095 2920 1432 2997 ignoscitur,
1496 2942 1672 3000 poena
1712 2932 1895 2981 tamen
1934 2931 2160 3002 propter
2194 2923 2437 3005 jubentis
2494 2924 2601 2983 vim

649 3025 950 3102 mitigatur.
1003 3058 1076 3072 —-
1125 3025 1248 3084 Non
1309 3025 1497 3084 eadem
1558 3028 1693 3086 ratio
1735 3027 1977 3086 mandati
2032 3039 2113 3087 est
2132 3074 2151 3106 ,
2206 3049 2346 3112 quae
2394 3031 2599 3110 jussus:

648 3151 776 3190 cum
827 3133 978 3191 enim
1037 3133 1239 3193 invitus
1282 3155 1445 3194 nemo
1508 3134 1825 3193 mandatum
1866 3136 2137 3216 suscipere
2177 3145 2416 3216 cogatur,
2462 3146 2601 3194 uter·

651 3261 758 3320 que
817 3239 1092 3299 ordinaria
1158 3260 1335 3320 poena
1395 3241 1710 3302 afficiendus
1768 3243 1871 3300 erit
1922 3251 1975 3300 et
2030 3243 2129 3323 qui
2182 3242 2501 3319 mandavit,
2554 3253 2603 3301 et

652 3347 746 3425 qui
801 3343 1119 3404 mandatum
1176 3347 1410 3404 crimeu‘
1441 3358 1689 3406 executus
1748 3357 1843 3407 est.
1892 3378 1963 3391 —
2011 3349 2132 3406 Alia
2167 3369 2293 3406 saue
2332 3369 2491 3406 causa
2531 3359 2602 3405 est

652 3455 766 3532 ejus
795 3493 810 3518 ‚
865 3455 962 3533 qui
1022 3473 1133 3512 non
1176 3455 1457 3513 mandavit
1496 3456 1741 3530 crimen,
1799 3456 1890 3514 sed
1930 3477 2059 3516 cum
2101 3465 2277 3537 posset
2317 3455 2605 3535 prohibere

655 3578 764 3615 non
806 3557 1134 3637 probibuit:
1195 3561 1325 3619 item
1369 3565 1485 3642 ejus
1503 3607 1520 3637 ,
1582 3562 1676 3641 qui
1718 3563 1927 3620 crimen
1967 3563 2038 3622 ab
2093 3563 2197 3621 alio
2238 3573 2605 3643 perpetratum

652 3671 832 3722 ratum
872 3663 1103 3724 habuit:
1165 3686 1400 3749 quorum
1439 3667 1531 3726 ille
1573 3689 1685 3728 non
1727 3669 1997 3729 ordinaria
2039 3689 2214 3749 poena
2239 3715 2255 3742 ‚
2298 3670 2390 3728 sed
2433 3679 2604 3728 extra-

647 3769 896 3829 ordine‘m
939 3772 1122 3836 mitius
1162 3773 1471 3853 puniendus
1508 3784 1606 3845 est;
1654 3775 1743 3834 hic
1786 3777 1874 3833 vix
1917 3797 2149 3855 poenam
2196 3787 2454 3851 meretur,
2484 3797 2605 3834 cum

651 3897 752 3956 per
794 3897 976 3936 rerum
1017 3887 1266 3936 naturam
1307 3879 1423 3938 {ieri
1468 3881 1555 3938 vix
1598 3881 1797 3959 possit,
1853 3891 1908 3940 nt
1952 3881 2190 3941 alienum
2231 3882 2443 3940 crimen
2483 3881 2611 3939 rati-

647 3980 925 4044 habitione
959 3983 1123 4043 sacias
1162 3989 1379 4044 tuum.''
1452 3986 1541 4045 Zie
1584 3988 1649 4045 ad
1695 3988 1793 4046 lib.
1829 3987 2077 4058 XLVIII,
2125 3988 2253 4068 Dig.
2304 3989 2388 4046 tit.
2434 3986 2607 4048 XVIII

649 4086 715 4144 de
757 4089 987 4167 poeuiS,
1027 4090 1091 4148 C.
1139 4089 1236 4147 IV.
1293 4090 1402 4165 14,
1452 4090 1569 4162 15,
1623 4091 1712 4150 16.
2052 4177 2057 4181 -

729 4195 778 4268 ¹)
819 4195 1090 4254 Roomsch
1136 4195 1464 4256 Hollandsch
1506 4199 1667 4277 negt,
1714 4198 1813 4269 1V,
1858 4195 1939 4257 29
1982 4199 2073 4257 No.
2132 4197 2223 4256 12.
