2887 4992
1146 712 1530 783 ...23-

354 908 464 980 het
512 906 842 1027 algemeen
900 903 1051 1002 gold
1106 904 1218 977 het
1266 902 1867 1001 regtsvermoeden,
1931 904 2040 975 dat
2083 904 2163 1023 de
2215 904 2305 976 ei-

349 1079 589 1152 genaar
641 1078 766 1123 van
817 1051 927 1124 het
974 1076 1203 1149 wapen
1251 1050 1334 1123 de
1373 1051 1573 1123 dader
1610 1078 1780 1139 waS‚
1836 1077 1915 1125 en
1964 1065 2168 1157 moest
2209 1051 2293 1149 hij

354 1215 451 1275 tot
504 1198 923 1297 tegenbewijs
969 1199 1110 1271 zich
1161 1199 1322 1272 door
1353 1196 1487 1277 een’
1536 1200 1653 1273 eed
1691 1199 2009 1273 zuiveren.

449 1351 642 1420 Twee
682 1345 1074 1419 beslissende
1125 1346 1554 1421 voorbeelden
1600 1362 1695 1419 tot
1735 1331 1987 1445 staving
2028 1374 2152 1419 van
2190 1349 2301 1420 dat

354 1495 916 1595 regtsvermoeden
989 1494 1170 1568 vindt
1237 1521 1380 1568 men
1453 1496 1516 1567 in
1568 1494 1884 1568 hetzelfde
1946 1496 2303 1599 Ange'lsak-

354 1644 572 1717 sische
603 1659 795 1741 ¹regtt
841 1642 1140 1741 namelijk
1185 1644 1296 1716 het
1335 1642 1557 1741 geval‚
1593 1644 1702 1715 dat
1746 1669 1893 1716 men
1930 1669 2047 1717 een
2074 1670 2297 1743 wapen

351 1818 437 1891 op
485 1817 642 1864 eene
691 1750 922 1865 eekere
973 1792 1180 1890 plaats
1224 1790 1354 1862 had
1401 1790 1837 1889 nedergelegd
1874 1792 1943 1863 of
1980 1792 2301 1889 opgehen·

353 1965 512 2037 gen,
556 1966 635 2011 en
674 1965 794 2011 een
843 1937 1044 2011 ander
1085 1964 1169 2036 op
1219 1936 1561 2034 eenigerlei
1600 1934 1779 2033 wijze
1817 1936 2161 2009 daarmede
2196 1963 2300 2035 ge·

354 2085 524 2157 dood
580 2112 748 2172 waS,
819 2086 864 2157 't
891 2085 966 2183 zij
1011 2085 1172 2158 door
1203 2084 1426 2157 toeval
1472 2084 1544 2155 of
1582 2083 1742 2157 door
1782 2083 1893 2156 dat
1938 2110 2055 2156 een
2104 2084 2300 2157 derde

352 2236 463 2307 het
507 2249 600 2305 tot
648 2260 768 2307 een
816 2234 1134 2330 misdadig
1175 2233 1482 2329 oogmerk
1529 2231 1835 2343 gehruikt
1871 2232 2031 2319 had3
2076 2258 2155 2304 en
2195 2248 2301 2303 ten

357 2386 644 2471 tweede,
687 2410 991 2456 wanneer
1046 2406 1191 2455 men
1245 2382 1368 2479 zijn
1419 2407 1647 2481 wapen
1698 2380 1780 2477 bij
1829 2382 1963 2452 een’
2020 2378 2301 2453 zwaard-

364 2560 558 2632 veger
607 2532 736 2608 had
783 2532 1056 2630 gebragt
1111 2531 1180 2602 of
1239 2532 1301 2601 in
1350 2531 1677 2627 bewaring
1728 2554 2011 2627 gegeven
2058 2555 2136 2600 en
2188 2555 2304 2602 een

347 2681 552 2755 ander
631 2680 771 2751 zich
835 2703 909 2752 er
977 2704 1100 2750 van
1166 2676 1482 2750 bediende
1542 2690 1635 2748 tot
1694 2677 1805 2748 het
1872 2678 2100 2774 plegen
2184 2703 2305 2749 van

351 2853 560 2901 eenen
607 2827 832 2900 moord
878 2829 956 2923 1).

431 3123 478 3202 ¹)
519 3122 649 3199 Leg.
698 3123 864 3182 llenr.
908 3141 995 3200 pr.
1042 3117 1141 3181 87.
1208 3120 1314 3200 Qui
1354 3121 1420 3178 ad
1466 3121 1826 3180 occidendum
1868 3123 2106 3204 aliquem
2154 3141 2303 3185 arma

345 3249 440 3286 sua
492 3228 812 3307 praestiterit
869 3245 997 3284 cum
1055 3225 1288 3284 occisore
1340 3226 1405 3283 de
1464 3227 1625 3284 occisi
1672 3228 2030 3306 persolutione
2071 3230 2305 3290 conferri

347 3334 566 3416 dffebit
604 3345 657 3391 et
696 3335 764 3393 de
803 3354 896 3392 sua
939 3341 1090 3412 parte
1131 3332 1402 3410 weregildi
1443 3335 1731 3392 conveniet
1770 3335 1835 3392 ei.
1918 3333 2019 3413 Qui
2064 3335 2304 3414 gladium

347 3440 710 3520 praestiterit,
769 3439 983 3497 tertiam
1037 3445 1251 3517 partem
1307 3438 1578 3516 weregildi
1634 3439 1859 3510 red-,dat
1921 3441 2015 3521 qui
2064 3441 2305 3502 lanceam

347 3547 690 3626 praestiterit,
731 3545 1050 3617 dimidiam3
1101 3545 1196 3624 qui
1235 3544 1661 3603 commodaverit
1696 3565 1933 3626 equum,
1980 3558 2149 3606 totum
2181 3551 2308 3608 red·-

319 3653 460 3712 -dat,
515 3652 812 3711 Iuventate
853 3660 1034 3709 tamen
1064 3650 1219 3708 licat
1247 3670 1396 3708 arma
1425 3671 1519 3708 sua
1547 3653 1939 3724 commodanti,
1980 3655 2127 3734 quod
2159 3655 2306 3714 nulla

349 3758 495 3818 mala
529 3757 834 3837 suspicione
861 3757 945 3816 vel
977 3758 1278 3816 intentione
1313 3757 1757 3828 commodaverit,
1782 3759 1827 3816 si
1851 3760 2012 3838 possit
2046 3761 2129 3819 vel
2158 3761 2309 3819 velit.

347 3864 410 3924 Si
449 3867 571 3946 quis
609 3866 680 3924 ad
721 3865 916 3924 ostium
959 3864 1185 3944 alicujus
1225 3864 1470 3924 lanceam
1506 3885 1659 3923 suam
1702 3875 1901 3945 ponat,
1946 3866 2077 3924 dum
2119 3867 2185 3924 ad
2230 3853 2306 3926 lo-

347 3971 632 4050 quendum
673 3970 757 4029 vel
789 3970 860 4028 ad
885 3970 1032 4050 quod
1062 3969 1187 4027 velit
1213 3971 1487 4047 agendum
1516 3971 1767 4041 introeat,
1801 3970 1881 4030 vel
1911 3971 2129 4051 quaevis
2158 3992 2307 4030 arma

351 4077 596 4149 reclinet,
623 4078 736 4138 nbi
773 4079 950 4158 quiete
987 4080 1246 4158 jacerent,
1272 4079 1315 4136 si
1345 4079 1782 4158 permitterentur
1809 4088 1862 4138 et
1887 4080 2113 4159 arreptis
2140 4081 2304 4138 armis

347 4182 662 4264 hujusmodi
716 4186 1022 4265 dampnum
1077 4185 1383 4262 ingeratur,
1442 4187 1649 4264 justum
1705 4194 1817 4257 est,
1867 4187 1960 4265 qui
2002 4186 2305 4265 dampnum
