2887 4992
980 760 1067 775 -—-
1131 718 1266 789 413
1331 754 1416 767 —-

199 944 590 1041 principales
635 942 789 1027 Rei,
838 968 1061 1014 verum
1113 942 1304 1013 etiam
1350 940 1728 1039 quicunque
1769 937 2021 1022 studi0‚
2060 936 2171 1008 da-

212 1104 398 1188 taque
435 1114 659 1187 opera,
706 1112 776 1160 re
827 1104 884 1159 et
918 1090 1168 1160 consilio
1214 1086 1588 1185 hujusmodi
1620 1086 2172 1184 conspiratoribus

204 1238 460 1333 favent,
509 1237 800 1309 assistunt
836 1251 904 1308 et
932 1237 1166 1332 juvant
1183 1236 1237 1322 ,·'’
1289 1262 1368 1308 en
1405 1233 1493 1331 hij
1530 1234 1814 1332 ·beroept
1848 1233 1985 1305 zich
2032 1234 2171 1305 hier

203 1408 296 1480 op
351 1382 434 1454 de
485 1383 590 1453 lem
638 1383 912 1479 quisquis
951 1381 1107 1454 Cod.
1165 1381 1246 1455 ad
1306 1382 1420 1478 leq.
1465 1382 1593 1453 Jul.
1650 1382 2019 1477 Majestatis
2094 1383 2164 1451 In

204 1528 672 1627 aszonderlijke
737 1528 1217 1602 hoofdstukken
1267 1542 1434 1600 staat
1499 1528 1585 1625 hij
1644 1529 1746 1600 stil
1799 1527 1885 1626 bij
1940 1528 2167 1600 enkele

201 1673 438 1772 wijzen
477 1702 606 1748 van
653 1702 776 1748 aaa
833 1675 1060 1749 moord
1105 1702 1185 1748 en
1227 1675 1543 1772 doodslag
1582 1674 1723 1747 decl
1779 1688 1843 1747 te
1902 1700 2159 1761 nomem

201 1822 376 1895 doch
435 1848 558 1896 aan
599 1823 704 1896 die
751 1822 1082 1921 hedrijven
1123 1825 1294 1922 geest
1331 1824 1416 1921 hij
1466 1827 1597 1896 niet
1638 1823 1762 1896 den
1808 1850 1996 1895 naam
2038 1848 2161 1896 van

197 1970 784 2069 medepliqtiqheid;
841 1998 960 2044 τοο
1021 1972 1082 2043 in
1133 1974 1284 2070 Cap.
1322 1974 1537 2044 LXXI
1588 1972 1849 2071 spreekt
1902 1972 1988 2081 hij
2036 1997 2160 2043 van

198 2118 367 2210 hen,
416 2118 578 2217 »qui
629 2118 866 2217 opibus
911 2133 976 2192 et
1026 2120 1295 2219 pecunia
1324 2121 1592 2215 juvent,
1620 2119 1673 2189 si
1700 2119 1951 2204 milites,
1982 2120 2158 2217 equi-

198 2280 335 2352 teS,
379 2266 431 2337 si
486 2292 664 2337 arma
709 2280 907 2364 atque
952 2265 1018 2336 id
1052 2290 1258 2362 genus
1299 2264 1688 2336 subsidiaria
1730 2264 1965 2335 auxilia
2008 2292 2161 2363 sup-

193 2412 573 2512 peditent,''
623 2436 704 2484 en
757 2438 879 2483 van
931 2413 1062 2483 hen
1085 2469 1101 2498 ,
1151 2412 1316 2509 »qui
1363 2423 1567 2482 semet
1612 2411 2005 2510 malefactori
2042 2412 2157 2483 ho·—

187 2561 465 2633 mice'dae
533 2559 856 2658 adjungit,
921 2561 978 2634 ei
1041 2561 1314 2648 assistit,
1367 2559 1898 2634 commoditatem
1960 2561 2156 2634 ullam
2216 2614 2227 2629 .

185 2711 466 2811 praebet
489 2771 504 2800 ‚
557 2735 690 2810 quo
721 2710 1089 2810 expeditius
1130 2710 1547 2784 homicidium
1594 2711 1785 2784 faciat
1804 2709 1863 2799 ;''
1894 2737 1973 2784 en
2009 2713 2150 2785 ein-

186 2857 389 2954 delijk
449 2882 574 2930 van
642 2858 801 2946 hen,
867 2861 1028 2957 »qui
1097 2883 1244 2931 cum
1306 2858 1631 2932 homicida
1688 2885 1811 2932 ceu
1871 2861 2147 2957 patroci-

187 3021 467 3077 naturus
540 3021 992 3094 conversetur,
1057 3007 1264 3104 ipsum
1335 3005 1645 3104 hospitio,
1708 3021 2014 3105 tanquam
2076 3033 2148 3078 re

184 3156 358 3228 bene
389 3168 617 3252 gesta,
657 3155 919 3252 recipit,
950 3156 1059 3252 qui
1089 3215 1103 3243 ,
1142 3156 1490 3253 quominus
1517 3153 2140 3251 comprehendatur,

185 3297 512 3399 impedit.”
595 3302 769 3372 Deze
816 3300 981 3372 allen
1035 3313 1252 3371 noemt
1302 3298 1388 3396 hij
1446 3302 1579 3373 niet
1624 3300 2141 3397 medepliqtiyen,

184 3473 395 3536 maar,
438 3448 707 3546 volgens
741 3449 888 3520 hem
926 3448 1156 3522 maken
1186 3448 1260 3545 zij
1302 3449 1438 3520 zich
1482 3448 1781 3546 schuldig
1823 3473 1943 3522 aan
1978 3448 2145 3519 »ho-

184 3595 513 3668 micidium
553 3621 668 3694 per
703 3596 1146 3668 consensum.'’
1198 3597 1330 3668 Zoo
1367 3594 1490 3693 zijn
1528 3596 1858 3669 strafbaar
1875 3623 2139 3695 weg-ens

181 3739 652 3814 »homicidium
695 3766 812 3839 per
835 3740 1067 3814 indicia
1105 3767 1218 3815 seu
1272 3741 1489 3840 signa''
1541 3743 1616 3840 zij
1647 3801 1665 3830 ,
1712 3743 1816 3818 die
1864 3745 2136 3817 »dolose

180 3911 260 3958 ac
287 3885 560 3982 maligne
581 3886 864 3958 indicant
891 3887 1102 3960 locum
1137 3867 1249 3960 ilbi
1277 3889 1432 3962 latet
1466 3891 1540 3975 is,
1568 3892 1678 3991 qui
1709 3905 1930 3989 postea
1960 3891 2135 3962 occi-

125 4021 133 4026 *
180 4032 438 4122 ditur,”
486 4060 576 4124 en,
613 4034 718 4107 die
766 4035 1135 4110 »similibus
1181 4036 1430 4110 indiciis
1468 4038 1655 4111 alicui
1676 4038 1906 4111 caedis
1942 4063 2129 4110 occa-

178 4181 423 4254 sionem
476 4196 539 4255 et
585 4200 842 4255 causam
888 4183 1376 4280 praebueri'nt,'’
1423 4213 1502 4258 en
1544 4186 1707 4258 allen
1762 4185 2126 4284 ondergaan

1859 4309 1898 4369 8
